3900 5367
441 596 451 659 l
715 613 802 659 vrum
817 612 1002 658 uocemue
1017 611 1229 659 sucrunruu.

442 804 605 869 nunquam
627 780 829 862 audiverunt)
846 779 986 844 movebit
1007 779 1176 844 neminem.
1223 777 1324 843 Nulla
1346 801 1423 866 ergo
1443 798 1529 844 causo

443 933 491 982 est
505 933 541 982 ut
555 917 680 1004 publice
694 938 766 980 cum
780 915 959 1002 eolitigem.
1005 913 1119 1002 Neque
1129 914 1155 978 si
1169 929 1260 991 esset,
1271 913 1419 980 facerem.
1465 914 1529 978 Scio

444 1053 530 1141 apud
545 1075 653 1118 omnes
668 1066 788 1139 gentes,
804 1074 844 1116 ex
859 1052 926 1138 ipsa
946 1051 1108 1116 civitatum
1131 1065 1254 1127 natura,
1271 1050 1395 1115 civibus
1409 1048 1530 1136 singulis

446 1191 551 1256 datam
573 1215 641 1256 esse
655 1191 810 1255 actionem
825 1190 1023 1275 injuriarum,
1041 1186 1186 1274 Anglice‚
1210 1195 1230 1226 “
1245 1209 1288 1251 an
1302 1187 1409 1252 action
1432 1185 1469 1251 of
1484 1185 1530 1249 the

447 1329 545 1392 case.''
590 1327 653 1391 Dic
674 1349 751 1413 ergo
772 1326 842 1414 quis
856 1341 952 1401 actor,
968 1325 1038 1411 quis
1061 1346 1141 1400 reus,
1166 1321 1235 1409 quis
1254 1321 1370 1407 judex,
1387 1345 1460 1410 quae
1479 1321 1533 1385 erit

448 1463 573 1549 injuriae
584 1459 819 1549 compensatio?
865 1461 899 1525 Si
913 1475 1001 1526 actor
1011 1483 1070 1547 ego
1081 1482 1161 1536 sum,
1173 1481 1245 1531 reus
1257 1473 1294 1523 tu
1304 1458 1392 1524 solus
1402 1460 1472 1536 eris,
1484 1458 1532 1545 qui

447 1598 522 1663 libri
537 1597 631 1683 hujus
644 1599 760 1663 author
780 1620 822 1664 es.
869 1595 963 1661 Potes
985 1595 1114 1684 quidem
1130 1610 1217 1660 actor
1231 1617 1299 1659 esse
1314 1610 1362 1672 tu,
1379 1618 1452 1660 reus
1465 1616 1532 1682 ergo

449 1735 510 1800 erit
532 1735 680 1800 Decanus
696 1733 934 1809 AEdis-Chrisrt
957 1733 1046 1817 cujus
1067 1730 1208 1807 arbitrio,
1232 1745 1366 1817 propter
1388 1744 1532 1818 sumptus,

449 1870 620 1936 editionem
634 1871 732 1935 nimia
746 1871 886 1935 bonitate
901 1883 956 1933 tua
969 1867 1146 1955 permisisti.
1192 1864 1256 1930 Fac
1269 1881 1381 1931 autem
1404 1882 1533 1932 actorem

450 2032 517 2074 esse
535 2032 595 2086 me,
611 2024 644 2073 et
665 2007 754 2072 illum
775 2030 875 2083 reum,
891 2006 987 2071 etiam
1008 2004 1134 2090 injuriae
1156 2002 1342 2068 damnatum
1353 2029 1363 2083 3
1391 2005 1462 2092 quis
1481 2004 1535 2069 erit

451 2143 559 2208 damni
589 2139 771 2207 estimatur?
815 2140 931 2205 Nonne
952 2138 1120 2203 duodecim
1141 2139 1210 2216 viri,
1232 2139 1333 2225 jurati
1358 2140 1488 2227 quidem
1508 2154 1535 2204 et

451 2279 580 2365 legales,
600 2277 681 2342 adde
700 2278 805 2353 etiam,
820 2275 922 2342 boni?
967 2275 1117 2339 Attamen
1139 2275 1222 2338 inter
1242 2275 1370 2353 damna,
1387 2276 1449 2341 nisi
1471 2299 1536 2363 quae

453 2413 587 2500 pecunia
595 2412 743 2476 oestimari
754 2411 864 2489 solent,
877 2412 973 2476 verba
982 2433 1046 2476 non
1055 2424 1233 2475 numerant
1258 2410 1343 2475 Nam
1353 2413 1536 2477 scholarium

449 2549 556 2634 jurgia
581 2548 664 2612 inter
686 2571 735 2612 res
757 2549 851 2613 serias
873 2571 945 2613 raro
966 2548 1094 2613 habeut.
1140 2546 1253 2634 Itaque
1274 2548 1392 2634 scripto
1418 2548 1538 2635 publico

456 2681 586 2746 ulterius
601 2706 664 2747 non
680 2683 879 2749 contendam.
925 2683 1121 2748 Testimonia
1133 2682 1262 2770 quidem
1273 2684 1450 2748 amicorum
1464 2707 1539 2749 amo.

457 2818 606 2883 Convicia
618 2818 815 2882 inimicorum
827 2818 1030 2905 parvipendo.
1056 2818 1108 2882 Ex
1118 2821 1372 2906 Antiquitatibus
1385 2825 1543 2887 oxonien-

453 2958 540 3022 sibus
564 2976 679 3019 uomen
704 2976 820 3031 meum,
845 2956 871 3018 si
893 2955 980 3033 liber,
1008 2957 1137 3020 omuino
1159 2971 1367 3042 expungant3
1391 2957 1543 3023 laudabor

457 3107 562 3157 tamen
573 3114 593 3156 a
603 3089 741 3156 maxima
751 3104 840 3176 parte
854 3090 1104 3156 academicorum
1116 3091 1171 3178 qui
1185 3114 1270 3156 nunc
1284 3107 1369 3171 sunt,
1381 3096 1544 3184 magisque

457 3228 569 3314 opinor
591 3229 632 3292 ab
655 3227 692 3291 iis
716 3227 895 3313 quierunt.
941 3225 1101 3291 Praeterea
1122 3226 1243 3290 homini
1264 3227 1331 3292 seni
1353 3229 1544 3297 offensarum

459 3362 550 3425 venia
571 3362 754 3438 utiliorem,
780 3383 875 3449 quam
897 3360 985 3426 ultio.
1031 3360 1107 3425 Tibi
1122 3384 1206 3440 vero,
1222 3362 1247 3426 si
1263 3363 1343 3428 tanti
1366 3378 1424 3442 est,
1441 3367 1545 3431 existi·

458 3497 629 3562 mationem
651 3513 737 3562 tuam
759 3512 792 3562 et
805 3498 968 3562 veritatem
991 3496 1129 3562 historiae
1150 3498 1319 3576 vindicare,
1333 3522 1399 3564 non
1424 3515 1546 3566 tantum

458 3629 542 3709 licet,
558 3631 613 3695 sed
636 3633 731 3696 etiam
750 3632 900 3698 laudibile
919 3646 975 3696 est
1020 3632 1065 3698 Et
1085 3634 1240 3721 siquidem
1259 3635 1304 3698 ita
1323 3635 1382 3699 tibi
1396 3637 1548 3729 expedire

460 3766 561 3830 visum
575 3766 678 3844 fuerit,
690 3770 806 3854 poteris
820 3769 984 3857 epistolam
998 3769 1079 3835 hanc
1090 3793 1193 3835 meum
1208 3772 1398 3860 quibuscum
1412 3774 1548 3840 volueris

460 3902 700 3968 communicare.
747 3905 781 3968 Si
795 3905 881 3992 quod
896 3904 983 3969 aliud
997 3906 1158 3971 consilium
1172 3907 1372 3973 inhonorem
1385 3909 1546 3989 invenero,

460 4053 630 4125 antequam
651 4038 702 4102 hae
716 4038 816 4104 literae
832 4039 995 4105 tabellario
1016 4040 1072 4105 tibi
1089 4041 1284 4126 perferendae
1296 4045 1546 4125 committantur,

461 4174 616 4239 inclusum
630 4176 759 4241 habebis
773 4177 846 4263 ipsis
860 4178 966 4242 literis.
1012 4177 1102 4242 Vale.

504 4315 654 4390 Lanuui,
670 4316 764 4398 April
780 4317 833 4394 20,
850 4316 942 4380 1674.
1040 4312 1335 4390 Tuus-Tuouns
1353 4315 1525 4383 Honoras?
