3900 5367
379 588 444 654 xlvi
656 610 742 655 vrrs
758 610 943 656 sosarmus
958 607 1173 654 sumturum.

379 799 452 843 cum
475 790 545 862 post
570 777 741 841 triennium
766 774 953 862 perfecisset,
979 796 1052 839 cum
1073 773 1189 839 eodem
1211 772 1248 836 in
1275 770 1407 837 Galliam
1425 784 1452 834 et

380 911 504 976 Italiam
519 927 551 976 et
565 911 624 977 viae
635 927 668 977 et
682 913 755 977 vitae
768 911 835 976 dux
849 911 1065 999 peregrinatus
1079 925 1137 975 est.
1184 906 1278 973 Dum
1292 921 1453 973 moraretur

380 1046 517 1124 Parisiis,
539 1047 693 1134 principia
706 1047 844 1112 scientia
859 1046 1010 1112 naturalis
1023 1044 1215 1132 investigare
1229 1044 1340 1130 ooepit
1382 1043 1452 1108 cum

377 1204 452 1248 vero
471 1182 540 1247 haec
561 1181 596 1245 in
618 1197 732 1247 natura
745 1195 778 1246 et
792 1181 941 1246 varietate
960 1194 1104 1245 motuum
1125 1179 1365 1254 contineantur,
1380 1198 1455 1264 qua·

377 1317 450 1383 sivit
464 1317 615 1404 imprimis
630 1316 730 1404 qualis
744 1317 884 1381 motusis
898 1329 1085 1402 esseposset,
1098 1315 1155 1402 qui
1166 1314 1267 1379 efficit
1280 1313 1454 1386 sensionem,

377 1454 583 1532 intellectum,
608 1454 835 1540 phantasmata,
862 1451 1001 1539 aliasque
1026 1451 1235 1538 proprietates
1262 1449 1455 1524 animalium

376 1591 519 1679 cogitatis
532 1591 605 1668 suis,
621 1613 693 1655 cum
710 1590 837 1653 Marino
849 1587 1032 1666 Mer-senno,
1053 1588 1174 1653 ordinis
1188 1587 1411 1662 Minimornm,
1428 1583 1456 1647 in

376 1726 462 1791 omni
471 1748 587 1814 genere
597 1724 801 1812 philosophiae
809 1725 1027 1802 versatissimo,
1037 1729 1320 1812 uiroqueoptim
1328 1718 1456 1808 quotidie

375 1860 621 1927 communicatis.
665 1860 729 1923 An.
749 1857 957 1936 Bomitae,
981 1881 1053 1925 cum
1075 1855 1198 1945 pupillo
1213 1878 1272 1921 suo
1291 1859 1392 1940 (nunc
1410 1875 1457 1940 pa·

375 1997 481 2079 trono)
499 1997 532 2060 in
549 1994 699 2083 Angliam
713 2016 865 2072 reversus,
882 1993 915 2057 in
930 1995 998 2080 ejus
1019 1991 1139 2058 familia
1152 1991 1310 2068 convixit,
1325 1991 1457 2055 instituto

374 2131 500 2196 interim
535 2154 608 2197 cum
646 2130 819 2195 Mersenno
849 2130 1012 2217 proedieto,
1048 2128 1089 2193 de
1120 2128 1219 2192 rebus
1257 2125 1457 2200 naturalibus,

373 2267 534 2353 epistolari
547 2266 743 2332 commercio.
789 2265 916 2332 Interea
932 2265 1029 2341 Scoti,
1045 2262 1183 2351 depulsis
1197 2262 1368 2349 episcopis,
1383 2282 1458 2326 sum·

373 2417 483 2466 serunt
503 2425 591 2467 arma
611 2416 721 2468 contra
743 2424 860 2489 regem,
887 2401 1065 2466 faventibus
1090 2398 1186 2464 etiam
1212 2397 1373 2463 ministris
1397 2395 1459 2472 illa,

373 2536 428 2622 qui
450 2538 554 2602 vocari
575 2537 677 2603 solent
698 2536 943 2622 Presbyteriani.
988 2534 1103 2621 Itaque
1123 2546 1338 2598 convocatum
1363 2546 1410 2598 est
1431 2532 1460 2596 in

374 2671 492 2756 Anglia
521 2672 768 2737 Parliamentum
798 2671 877 2736 illud
905 2671 1112 2747 notissimum,
1137 2668 1225 2757 quod
1255 2669 1461 2734 inchoabatur

372 2803 491 2871 8Nov.
517 2811 608 2872 1640.
653 2805 705 2869 Ex
719 2806 756 2870 iis
771 2829 843 2892 quae
864 2807 898 2869 in
924 2805 1138 2871 Parliamento
1159 2806 1264 2870 tribus
1287 2821 1461 2893 quatuorve

371 2936 482 3003 diebus
505 2940 614 3027 primis
639 2939 782 3004 consulta
809 2940 940 3018 viderat,
982 2941 1102 3007 bellum
1131 2940 1222 3005 civile
1252 2941 1410 3028 ingruere
1434 2953 1464 3004 et

372 3088 496 3138 tantum
517 3096 582 3139 non
606 3073 714 3137 adesse
740 3074 886 3151 sentiens,
913 3074 1022 3139 retulit
1045 3097 1079 3139 se
1107 3096 1216 3140 rursus
1244 3074 1281 3138 in
1312 3074 1463 3151 Galliam,

370 3211 570 3276 scientiarum
584 3209 688 3274 studio
704 3209 832 3274 Parisiis
856 3211 954 3275 tutius
980 3226 1157 3289 vacaturus,
1182 3233 1256 3277 cum
1275 3211 1463 3289 Mersenno

371 3343 545 3420 Gassendo,
561 3343 691 3430 aliisque
706 3344 779 3407 viris
793 3345 937 3430 egregiis,
960 3360 1089 3433 propter
1110 3345 1337 3425 eruditionem,
1354 3362 1389 3413 et
1403 3349 1464 3412 vim

370 3474 404 3537 iu
419 3476 634 3540 ratiocinando
649 3477 867 3542 celeberrimis.
912 3480 996 3544 Cum
1004 3482 1073 3567 jam
1089 3480 1218 3546 Parisiis
1232 3497 1357 3569 ageret,
1374 3483 1464 3549 libel·

368 3607 435 3671 lum
450 3608 572 3691 scripsit
585 3614 678 3675 rebus
686 3617 915 3695 permiscenda
926 3621 1060 3696 navumss
1076 3620 1127 3681 De
1140 3619 1226 3692 Cive,
1243 3639 1342 3704 quem
1355 3634 1465 3705 postea

366 3740 473 3806 revisit
487 3753 519 3802 et
532 3739 638 3814 auxit3
654 3762 717 3825 quo
732 3745 821 3828 quasi
836 3759 988 3828 ternpore,
999 3746 1246 3831 praevalentibus
1260 3750 1464 3819 Parliamen·

367 3873 463 3949 teriia,
489 3867 581 3933 multi
595 3889 704 3932 eorum
720 3874 774 3957 qui
789 3891 894 3959 partes
909 3878 1011 3962 regins
1026 3881 1151 3966 sequuti
1171 3898 1275 3962 erant,
1291 3903 1336 3952 et
1350 3889 1388 3953 in
1403 3889 1464 3954 illis

368 4006 520 4089 Princeps
547 3998 668 4063 Walliae
696 4005 766 4088 (qui
791 4029 876 4074 nunc
902 4014 1041 4096 regnat),
1070 4014 1206 4081 Parisios
1220 4022 1463 4091 confluxerunt.

369 4142 533 4206 Statuerat
546 4133 629 4198 circa
643 4132 726 4197 idem
745 4152 877 4223 tempus,
901 4143 1029 4210 hortatu
1050 4150 1144 4215 amici
1158 4153 1329 4237 cujusdam
1344 4161 1463 4226 nobilis

366 4271 512 4342 Occitani
526 4267 664 4353 migrare
678 4265 710 4327 in
732 4268 936 4351 Occitaniam,
964 4292 997 4341 et
1015 4283 1210 4365 praemiserat
1220 4288 1292 4373 jam
1306 4315 1385 4380 quae
1400 4297 1463 4362 sibi

428 4485 443 4543 †
462 4481 515 4529 Hoc
524 4479 555 4527 ab
566 4473 651 4524 eodem
662 4470 734 4517 etium
745 4472 859 4522 deletum.
993 4483 1006 4546 i
1025 4486 1083 4535 Hac
1094 4492 1124 4538 ab
1134 4493 1220 4543 codem
1230 4497 1387 4564 interposita.
