3900 5367
372 583 427 646 lxii
669 601 756 648 virm
775 601 959 647 nossrsum
975 601 1183 648 sucrsnruu.

370 770 528 846 audeant3
550 791 623 834 cum
638 770 756 854 etiam†
782 769 837 857 qui
858 791 986 833 omnem
1006 767 1092 833 illam
1114 769 1304 855 scriptorum
1331 770 1469 835 varieta-

371 921 445 980 tem,
472 927 535 992 qua
560 920 642 969 artes
661 921 693 969 et
713 904 852 968 scientim
872 902 1028 980 exultant,
1050 901 1233 991 diligentius
1252 904 1465 992 introspiciat,

370 1042 489 1128 ubique
508 1041 647 1105 inveniet
667 1039 808 1127 ejusdem
833 1040 878 1104 rei
904 1039 1105 1126 repetitiones
1131 1039 1280 1118 infinitas,
1304 1041 1464 1106 tractandi

370 1177 471 1242 modis
493 1177 640 1253 diversas,
668 1177 850 1240 inventione
874 1193 1123 1263 praeoccupatas3
1161 1191 1197 1241 ut
1221 1175 1331 1241 omnia
1360 1178 1465 1264 primo

370 1316 487 1379 intuitu
502 1335 679 1387 numerosa,
697 1312 777 1377 facto
793 1313 938 1378 examine
954 1336 1054 1400 pauca
1068 1313 1276 1400 reperiantur.
1323 1311 1416 1386 Quin
1432 1329 1463 1377 ct

370 1452 448 1516 illud
463 1475 546 1538 saepe
561 1451 665 1515 dicere
679 1450 787 1515 solitus
802 1465 858 1528 est,
872 1451 958 1538 quod
974 1452 1000 1515 si
1014 1467 1139 1516 tantum
1152 1449 1241 1516 libris
1255 1448 1464 1528 incubuisset,

370 1605 524 1675 quantum
546 1587 599 1652 alii
614 1611 633 1651 e
647 1587 778 1652 literatis
800 1587 895 1674 vulgo
917 1586 1045 1664 faciunt,
1061 1586 1172 1652 eadent
1191 1608 1265 1651 cutn
1286 1584 1350 1650 illis
1372 1585 1463 1674 iguo·

370 1727 473 1790 rantis
487 1724 665 1792 laborasset.

413 1863 573 1929 Quoniam
598 1878 705 1927 autem
727 1862 917 1948 optimorum
939 1861 1078 1926 amicitia
1106 1875 1139 1925 et
1168 1857 1366 1925 consuetudo
1395 1881 1460 1924 non

368 1998 436 2064 leve
474 2000 639 2086 probitatis
677 2013 901 2085 argumentum
930 1998 1068 2075 ducitur,
1098 1997 1215 2083 vixque
1257 1993 1359 2059 malus
1393 2016 1461 2060 esse

366 2136 464 2221 possit
478 2136 533 2222 qui
547 2149 604 2199 aut
625 2135 725 2199 bonos
739 2133 824 2210 colit,
840 2149 925 2199 anta
940 2134 1032 2198 bonis
1045 2132 1177 2210 colitur3
1199 2130 1376 2196 amicorum
1390 2132 1460 2216 ejus

368 2270 503 2335 indicem
518 2293 694 2358 proponere
704 2270 828 2333 animus
842 2285 898 2334 est.
944 2272 1030 2334 Ante
1044 2292 1153 2334 omnes
1167 2291 1251 2346 vero,
1260 2267 1372 2334 debito
1385 2291 1459 2333 cum

367 2407 488 2473 bonore
502 2407 685 2493 meritisque
699 2408 818 2493 gratiis,
832 2411 916 2494 (post
930 2407 1134 2493 Majestatem
1152 2405 1285 2494 Regiam
1301 2405 1458 2470 fautorem

367 2544 435 2630 ejus
449 2543 723 2631 benignissimum)
737 2543 933 2607 memorandi
945 2543 1077 2607 veniunt
1087 2540 1286 2607 illustrissimi
1301 2540 1459 2607 Devoniae

369 2679 519 2756 Comites,
534 2678 733 2743 haereditario
745 2679 833 2765 quasi
844 2680 917 2764 jure
935 2677 1128 2743 Maecenates
1141 2676 1314 2743 Hobbiani.
1360 2677 1459 2745 Quod

366 2836 441 2878 sane
456 2837 520 2878 non
535 2813 634 2879 solnm
652 2814 770 2901 ingenii
786 2836 823 2877 ac
844 2812 1018 2889 literarum,
1035 2812 1091 2878 sed
1112 2812 1206 2877 enam
1222 2827 1346 2877 naturae
1361 2828 1458 2900 atque

367 2949 502 3026 virtutis,
518 2963 554 3013 nt
568 2949 689 3026 domus,
706 2972 778 3036 quae
793 2949 862 3035 ejus
876 2948 1095 3014 adolescentiae
1110 2949 1213 3035 prima
1226 2947 1332 3027 luerit,
1346 2949 1457 3014 eadem

367 3101 448 3151 esset
462 3085 701 3151 familiarissima
714 3087 897 3169 senectuti.‡

848 3245 972 3257 —n—

627 3357 896 3425 AMICORUM
922 3355 1188 3422 ELENCHUS.

412 3495 599 3560 Franciscus
623 3495 769 3561 Baconns
793 3494 1005 3571 Verulamius,
1023 3492 1164 3580 Magnus
1182 3491 1311 3579 Angliae
1327 3494 1458 3560 Cancel-

368 3631 474 3697 larius.
514 3632 605 3698 Obiit
623 3638 714 3698 1626.
761 3633 837 3698 Vita
856 3633 924 3719 ejus
945 3631 1060 3718 saepius
1080 3630 1166 3695 edita
1185 3645 1249 3695 est=
1272 3654 1369 3718 opera
1382 3632 1456 3698 satis

368 3783 445 3832 nota
459 3782 542 3831 sunt.

413 3903 474 3970 Etl
492 3902 642 3979 Herbert,
660 3902 745 3967 Baro
759 3904 800 3969 de
823 3904 1003 3990 Chcrbury.
1060 3902 1112 3966 De
1129 3924 1167 3966 eo
1181 3916 1215 3966 et
1235 3902 1370 3990 scriptis,
1385 3903 1456 3969 vide

370 4040 458 4107 Guil.
476 4037 625 4126 Dugdale
640 4036 680 4100 de
697 4037 813 4103 Baron.
831 4037 968 4123 Angliae.
1015 4037 1105 4103 Obiit
1122 4041 1213 4102 1648.

413 4175 498 4239 Hom
525 4172 657 4239 Carolus
681 4172 871 4249 Cavendish,
894 4172 1000 4260 Eques
1027 4174 1178 4250 Auratus,
1203 4173 1342 4238 illustris.
1367 4173 1454 4239 Guil.

368 4309 572 4387 Marchionis,
588 4324 696 4395 postea
717 4308 817 4372 Ducis
841 4308 923 4374 Novi
947 4311 1062 4388 Castri,
1078 4311 1175 4377 frater
1197 4312 1318 4390 unicus,
1334 4312 1455 4379 matbe-

368 4448 500 4514 maticus
514 4467 663 4510 summus.
709 4443 799 4510 Obiit
817 4450 910 4509 1653.

484 4611 498 4668 †
516 4609 630 4658 Verulam
642 4608 709 4672 prml.
723 4610 747 4656 in
763 4608 827 4656 Nor.
839 4607 929 4671 Organ.
1029 4612 1042 4667 ἶ
1060 4610 1110 4659 Cic.
1123 4625 1167 4673 pro
1178 4608 1251 4658 Arcb.
1264 4610 1331 4659 Poct.
