3900 5367
455 600 497 664 lvi
733 618 816 661 vrrn
832 616 1017 660 uonmnnn
1033 611 1247 660 nuoruarnsr.

455 785 670 872 apographum
700 785 758 849 tibi
783 783 930 858 concessi,
960 780 1176 845 authenticum
1205 794 1312 843 autem
1340 777 1414 842 dedi
1442 776 1536 841 amico

455 920 553 986 nobili
581 938 612 985 et
638 920 739 999 docto,
766 943 851 985 anuo
877 919 992 984 abhinc
1017 918 1175 982 defuncto.
1222 915 1289 981 Sua
1315 914 1476 1001 Majestas,
1500 913 1535 977 ad

456 1081 549 1145 quam
577 1059 713 1123 maxime
735 1071 854 1144 spectat
877 1057 932 1143 qui
954 1055 1028 1120 libri
1053 1056 1085 1119 in
1111 1053 1274 1140 publicum
1300 1051 1465 1137 prodeant,
1492 1074 1536 1113 me

454 1195 549 1281 longe
563 1194 675 1259 melius
689 1194 786 1270 novit,
797 1192 874 1281 quid
888 1192 970 1257 facto
986 1214 1064 1277 opus
1079 1192 1127 1255 sit.
1174 1189 1302 1254 Nollem
1314 1189 1424 1276 itaque
1439 1188 1494 1251 bac
1508 1188 1535 1249 iu

455 1355 490 1397 re
516 1333 547 1394 in
573 1332 667 1417 ipsius
692 1331 895 1395 offensionem
917 1331 1096 1407 incurrere3
1126 1351 1230 1415 neque
1259 1341 1292 1392 te
1318 1327 1396 1392 huic
1420 1326 1537 1413 negotio

455 1468 638 1544 immisceas,
655 1489 740 1552 rogo.
786 1467 837 1530 Ne
851 1465 899 1530 vel
915 1466 1061 1530 minimas
1083 1466 1117 1528 in
1138 1464 1220 1529 libro
1241 1461 1437 1551 publicando
1454 1461 1539 1526 susti-

457 1628 565 1670 nerem
579 1620 693 1691 partes,
709 1605 819 1692 quovis
830 1604 931 1690 pretio
946 1603 1143 1667 redimerem.

498 1746 576 1808 Jun.
595 1742 756 1817 19,1679.
1174 1734 1356 1801 Tuus-T.
1375 1733 1537 1798 Houaaa''

500 2014 593 2078 Circa
622 2013 760 2078 medium
790 2010 948 2086 Octobris,
975 2009 1051 2074 anni
1078 2011 1170 2084 1679,
1196 2009 1297 2072 urina
1327 2005 1541 2092 suppressione

455 2163 616 2235 correptus
631 2163 694 2224 est3
718 2146 830 2211 medici
845 2160 951 2209 autem
977 2146 1018 2208 ob
1038 2143 1192 2230 grandem
1213 2156 1351 2218 aetatem,
1372 2140 1416 2205 de
1436 2141 1541 2205 morbo

456 2283 565 2368 quovis
588 2282 795 2346 remediorum
823 2294 975 2366 apparatu
1002 2281 1125 2365 penitus
1150 2277 1336 2354 amovendo,
1360 2278 1540 2364 ipsoquein

456 2417 613 2502 integrum
629 2417 830 2493 restituendo,
847 2418 1065 2502 desperabant.
1102 2417 1257 2481 Vicesimo
1275 2414 1468 2480 Novembris
1483 2415 1543 2479 Dc·

456 2553 557 2617 voniae
568 2553 692 2617 Comite
703 2574 775 2616 cum
788 2552 931 2615 universa
940 2550 1058 2614 familia
1068 2574 1087 2615 a
1097 2550 1317 2617 Cattiswortho
1328 2550 1544 2615 Hardovicum

456 2688 708 2773 transmigrante,
723 2687 869 2751 Hobbius
880 2702 1048 2772 patronum
1061 2685 1229 2750 comitandi
1241 2686 1348 2750 animo
1359 2687 1544 2762 obstinatus,

456 2824 575 2888 lecticoe
600 2823 760 2908 impositus
775 2825 834 2888 viae
858 2824 1075 2901 committitur,
1091 2846 1132 2888 ex
1152 2825 1264 2916 itinere
1279 2823 1359 2886 nihil
1374 2824 1544 2911 quicquam

457 2958 607 3022 molestiae
618 2958 683 3043 pati
695 2958 787 3022 visus.
826 2957 1040 3022 Nihilominus
1053 2981 1108 3022 sex
1119 2973 1276 3045 septemve
1291 2958 1405 3022 diebus
1416 2975 1547 3045 praeter·

456 3092 559 3178 lapsis,
580 3092 685 3158 dextri
705 3092 810 3157 lateris
830 3109 1045 3157 consummata
1058 3093 1193 3180 paralysi
1207 3093 1347 3172 affectus,
1364 3110 1398 3159 et
1412 3095 1546 3183 loquelae

457 3250 515 3291 usu
537 3228 676 3313 privatus
698 3243 754 3292 est.
801 3226 946 3290 Postbaec
967 3226 1116 3311 pauculos
1138 3228 1205 3292 dies
1225 3230 1411 3314 supervixit,
1435 3252 1544 3316 parum

457 3385 582 3427 sumens
609 3364 760 3440 alimenti,
785 3362 942 3426 dormiens
971 3361 1153 3446 plurimum,
1179 3386 1236 3450 per
1264 3364 1431 3430 intervalla
1460 3365 1546 3452 loqui

457 3512 595 3573 conatus,
612 3499 666 3562 sed
681 3501 812 3564 frustra:
837 3514 902 3564 toto
925 3500 1027 3564 morbi
1047 3500 1191 3577 decursu,
1208 3502 1259 3564 vix
1283 3501 1396 3566 fabrile
1416 3502 1546 3590 aliquod

457 3648 632 3716 symptoma
643 3638 817 3721 comparuit
825 3661 833 3713 ;
850 3639 894 3701 ita
907 3651 941 3700 ut
951 3639 994 3702 ob
1005 3651 1178 3701 extremam
1191 3652 1394 3715 senectutem,
1405 3640 1547 3704 extincto

457 3765 635 3851 biolychuio
649 3783 681 3831 et
695 3769 859 3834 deficiente
870 3773 943 3836 vitae
952 3772 1069 3848 fomite,
1080 3795 1174 3859 quam
1187 3772 1385 3859 aegritudiuis
1397 3774 1547 3840 violentia

457 3923 475 3964 e
497 3900 573 3964 vivis
596 3901 748 3967 excedere
772 3904 938 3970 videretur.
985 3908 1075 3973 Obiit
1098 3924 1203 3972 autem
1227 3923 1340 3996 quarto
1356 3909 1547 3975 Decembris

459 4037 550 4101 1679.

501 4166 612 4232 Elatus
625 4184 672 4231 est
692 4191 732 4234 ex
751 4171 872 4235 aedibus
893 4175 1018 4258 patroni
1040 4176 1098 4251 sui,
1121 4198 1237 4261 pompa
1258 4200 1321 4241 non
1346 4200 1473 4266 magna,
1490 4181 1546 4246 sed

456 4303 556 4368 officio
571 4302 691 4367 funeris
709 4305 782 4368 satis
797 4304 919 4370 decoro.
966 4308 1114 4393 Sepultus
1130 4326 1176 4375 est
1191 4313 1223 4374 iu
1240 4313 1370 4377 ecclesia
1385 4316 1491 4380 vicina
1505 4317 1548 4381 de

458 4438 558 4503 Hault
590 4436 760 4513 Hucknall,
790 4438 949 4502 sacerdote
978 4442 1150 4507 secundum
1178 4445 1326 4510 Ecclesiae
1353 4447 1545 4535 Anglioanae

457 4573 604 4638 lbrmulas
625 4571 830 4655 exequiarum
847 4573 933 4655 justa
955 4572 1133 4642 celebrante
1189 4582 1345 4647 Conditus
1374 4602 1422 4649 est
1447 4588 1545 4672 juxta
