3900 5367
615 1009 785 1090 VITAE
832 1009 1192 1092 HOBBIANAE

754 1320 1056 1386 AUCTARIUM.

367 1999 469 2076 Quon
504 1998 671 2085 geometris
699 2019 757 2061 usu
786 1995 881 2072 venit,
918 1995 1002 2060 idem
1031 1996 1189 2082 objectum
1217 2017 1276 2082 pro
1306 2016 1340 2059 re
1370 2008 1448 2059 nats

366 2134 492 2199 mutatis
506 2133 660 2198 linearum
674 2132 910 2219 quantitatibus,
922 2132 1050 2196 servatis
1062 2147 1167 2198 autem
1179 2131 1446 2217 proportionibus,

365 2271 434 2356 pari
458 2292 531 2335 cum
555 2268 685 2333 veritate
710 2267 895 2345 describere,
921 2267 955 2331 id
977 2268 1055 2331 mibi
1070 2269 1102 2331 in
1117 2268 1222 2333 animo
1246 2283 1311 2346 est;
1333 2291 1446 2333 eorum

367 2419 490 2492 nempe,
522 2426 595 2492 quae
622 2402 773 2490 superiori
801 2389 915 2489 scripto
943 2404 1095 2489 pressiore
1124 2402 1205 2490 stylo
1234 2402 1444 2480 deducantur,

367 2540 497 2628 vestigia
521 2539 659 2627 relegere
681 2554 714 2604 et
737 2538 884 2604 solutiore
908 2539 963 2604 filo
984 2555 1145 2617 retexere3
1167 2562 1231 2604 non
1246 2555 1283 2604 ut
1295 2541 1445 2605 cramben

367 2677 417 2743 bis
439 2691 558 2742 coctam
582 2698 740 2762 reponam,
763 2675 820 2741 sed
833 2698 870 2741 ea
885 2675 1006 2741 tradam
1031 2700 1104 2763 quae
1128 2690 1314 2765 argumento
1338 2675 1444 2742 lucem

368 2811 506 2899 aliquam
519 2810 630 2876 afferre
643 2812 771 2898 possint,
794 2826 850 2876 aut
863 2811 990 2896 majoris
1004 2811 1155 2876 momenti
1169 2811 1320 2889 visasint,
1346 2834 1444 2899 quam

370 2949 407 3013 u
420 2948 570 3014 oblivioni
584 2946 759 3012 mutatur.
947 2901 955 2918 ’

412 3084 551 3149 Thomas
567 3082 698 3148 Hobbes
712 3096 804 3146 natus
818 3096 865 3146 est
881 3080 1125 3161 Malmesburiae,
1141 3083 1209 3170 agri
1228 3082 1447 3161 Wiltoniensis,

369 3219 460 3287 nonis
476 3219 604 3307 Aprilis,
620 3241 704 3284 anno
716 3242 735 3284 a
749 3232 842 3305 partu
860 3218 997 3307 Virginis
1011 3219 1174 3284 millesimo
1197 3221 1448 3308 quingentesimo

369 3355 578 3443 octuagesimo
592 3369 719 3433 octav03
742 3356 831 3441 cujus
846 3369 945 3420 mater
960 3355 1113 3441 Hispanae
1137 3355 1240 3421 classis
1263 3372 1351 3422 metu
1375 3380 1447 3445 per·

370 3490 465 3569 cules,
493 3514 565 3578 quae
590 3506 739 3578 tanquam
763 3491 917 3578 portubus
930 3492 1044 3556 nostris
1059 3492 1225 3557 imminens
1239 3491 1322 3557 lama
1334 3494 1449 3579 paaeim

370 3627 581 3706 differebatur,
606 3629 718 3714 ipsum,
734 3628 873 3715 puellum
888 3644 1004 3707 tamen,
1020 3629 1106 3717 quod
1119 3645 1234 3694 eventu
1248 3630 1360 3717 patuit,
1376 3632 1452 3697 satis

369 3765 506 3830 vivacem
535 3780 724 3853 praematuro
751 3781 844 3852 partu
873 3767 966 3832 enixa
996 3779 1051 3831 est.
1106 3765 1232 3847 Patrem
1261 3780 1373 3832 nactus
1401 3780 1451 3832 est

370 3899 628 3977 concionatorem,
658 3900 782 3986 qualem
809 3916 883 3967 tunc
909 3900 1052 3967 ferebant
1078 3916 1227 3988 tempora,
1257 3903 1312 3989 qui
1337 3902 1448 3969 leviori

370 4033 522 4099 doctrinae
549 4050 708 4101 armatura
735 4037 913 4116 instructus,
948 4039 1103 4103 orationes
1135 4038 1285 4125 publicas,
1314 4053 1347 4103 et
1371 4060 1450 4126 quas

370 4185 482 4235 vocant
496 4169 647 4247 homilias,
663 4171 736 4236 satis
750 4186 822 4258 apte
835 4172 951 4260 populo
966 4173 1138 4261 praelegere
1152 4188 1283 4260 poterat.

413 4306 625 4382 Quadriennis
638 4305 736 4372 factus
751 4309 924 4374 vernaculis
947 4309 1110 4376 literarum
1132 4311 1293 4378 elementis
1319 4335 1448 4400 operam

370 4443 475 4508 dedit:
502 4443 642 4508 octennis
669 4444 842 4510 doctiorum
867 4446 1048 4536 linguarum
1069 4451 1257 4536 tyrocinium
1272 4451 1376 4537 posuit
1389 4451 1448 4517 sub

372 4577 512 4646 Roberto
528 4578 698 4658 Latimero,
715 4580 905 4659 Oxoniense,
923 4581 1160 4651 Malmesburiae
1175 4586 1279 4651 literas
1293 4585 1448 4665 docente3
