<?xml version="1.0" encoding="UTF-8"?>
<!DOCTYPE html PUBLIC "-//W3C//DTD XHTML 1.0 Transitional//EN"
    "http://www.w3.org/TR/xhtml1/DTD/xhtml1-transitional.dtd">
<html xmlns="http://www.w3.org/1999/xhtml" xml:lang="en" lang="en">
 <head>
  <title>
</title>
<meta http-equiv="Content-Type" content="text/html;charset=utf-8" />
  <meta name='ocr-system' content='tesseract 3.04.00' />
  <meta name='ocr-capabilities' content='ocr_page ocr_carea ocr_par ocr_line ocrx_word'/>
</head>
<body>
  <div class='ocr_page' id='page_1' title='image "./operaphilosophi04molegoog_0050.png"; bbox 0 0 3900 5367; ppageno 0'>
   <div class='ocr_carea' id='block_1_1' title="bbox 423 601 1227 666">
    <p class='ocr_par' dir='ltr' id='par_1_1' title="bbox 423 601 1227 666">
     <span class='ocr_line' id='line_1_1' title="bbox 423 601 1227 666; baseline 0.001 -2"><span class='ocrx_word' id='word_1_1' title='bbox 423 601 520 664; x_wconf 83' lang='lat' dir='ltr'><strong>xxxvi</strong></span> <span class='ocrx_word' id='word_1_2' title='bbox 703 621 788 665; x_wconf 74' lang='lat' dir='ltr'><strong>vrrn</strong></span> <span class='ocrx_word' id='word_1_3' title='bbox 805 620 993 665; x_wconf 76' lang='lat' dir='ltr'><strong>nossrnurs</strong></span> <span class='ocrx_word' id='word_1_4' title='bbox 1009 619 1227 666; x_wconf 76' lang='lat' dir='ltr'><strong>nucrrnrusr.</strong></span> 
     </span>
    </p>
   </div>
   <div class='ocr_carea' id='block_1_2' title="bbox 423 783 1533 4268">
    <p class='ocr_par' dir='ltr' id='par_1_2' title="bbox 423 783 1508 1281">
     <span class='ocr_line' id='line_1_2' title="bbox 423 783 1505 873; baseline 0 -23"><span class='ocrx_word' id='word_1_5' title='bbox 423 786 575 850; x_wconf 83' lang='lat' dir='ltr'><strong>submisit.</strong></span> <span class='ocrx_word' id='word_1_6' title='bbox 620 785 767 851; x_wconf 89' lang='lat' dir='ltr'><strong>Hobbius</strong></span> <span class='ocrx_word' id='word_1_7' title='bbox 780 802 886 852; x_wconf 88' lang='lat' dir='ltr'><strong>autem</strong></span> <span class='ocrx_word' id='word_1_8' title='bbox 900 787 994 852; x_wconf 91' lang='lat' dir='ltr'><strong>amici</strong></span> <span class='ocrx_word' id='word_1_9' title='bbox 1008 785 1172 873; x_wconf 90' lang='lat' dir='ltr'><strong>postulatis</strong></span> <span class='ocrx_word' id='word_1_10' title='bbox 1185 807 1341 872; x_wconf 90' lang='lat' dir='ltr'><strong>responso</strong></span> <span class='ocrx_word' id='word_1_11' title='bbox 1354 783 1505 859; x_wconf 74' lang='lat' dir='ltr'><strong>satisfecit,</strong></span> 
     </span>
     <span class='ocr_line' id='line_1_3' title="bbox 423 920 1507 1009; baseline -0.003 -24"><span class='ocrx_word' id='word_1_12' title='bbox 423 936 465 998; x_wconf 84' lang='lat' dir='ltr'><strong>et,</strong></span> <span class='ocrx_word' id='word_1_13' title='bbox 492 921 568 1008; x_wconf 93' lang='lat' dir='ltr'><strong>quid</strong></span> <span class='ocrx_word' id='word_1_14' title='bbox 593 921 634 986; x_wconf 90' lang='lat' dir='ltr'><strong>de</strong></span> <span class='ocrx_word' id='word_1_15' title='bbox 656 921 754 986; x_wconf 92' lang='lat' dir='ltr'><strong>nobili</strong></span> <span class='ocrx_word' id='word_1_16' title='bbox 777 922 831 987; x_wconf 92' lang='lat' dir='ltr'><strong>illo</strong></span> <span class='ocrx_word' id='word_1_17' title='bbox 855 936 1000 1009; x_wconf 83' lang='lat' dir='ltr'><strong>poemate</strong></span> <span class='ocrx_word' id='word_1_18' title='bbox 1013 921 1156 1001; x_wconf 83' lang='lat' dir='ltr'><strong>sentiret,</strong></span> <span class='ocrx_word' id='word_1_19' title='bbox 1178 920 1341 1007; x_wconf 72' lang='lat' dir='ltr'><strong>exposuit,</strong></span> <span class='ocrx_word' id='word_1_20' title='bbox 1364 942 1425 987; x_wconf 84' lang='lat' dir='ltr'><strong>nec</strong></span> <span class='ocrx_word' id='word_1_21' title='bbox 1449 941 1507 984; x_wconf 89' lang='lat' dir='ltr'><strong>non</strong></span> 
     </span>
     <span class='ocr_line' id='line_1_4' title="bbox 426 1055 1508 1146; baseline -0.002 -25"><span class='ocrx_word' id='word_1_22' title='bbox 426 1057 555 1122; x_wconf 78' lang='lat' dir='ltr'><strong>ulterius</strong></span> <span class='ocrx_word' id='word_1_23' title='bbox 569 1057 609 1122; x_wconf 91' lang='lat' dir='ltr'><strong>de</strong></span> <span class='ocrx_word' id='word_1_24' title='bbox 622 1058 773 1144; x_wconf 89' lang='lat' dir='ltr'><strong>poematis</strong></span> <span class='ocrx_word' id='word_1_25' title='bbox 787 1058 908 1124; x_wconf 90' lang='lat' dir='ltr'><strong>ratione</strong></span> <span class='ocrx_word' id='word_1_26' title='bbox 923 1059 956 1122; x_wconf 94' lang='lat' dir='ltr'><strong>in</strong></span> <span class='ocrx_word' id='word_1_27' title='bbox 967 1080 1094 1146; x_wconf 83' lang='lat' dir='ltr'><strong>genere,</strong></span> <span class='ocrx_word' id='word_1_28' title='bbox 1107 1071 1140 1122; x_wconf 90' lang='lat' dir='ltr'><strong>et</strong></span> <span class='ocrx_word' id='word_1_29' title='bbox 1147 1056 1316 1143; x_wconf 90' lang='lat' dir='ltr'><strong>specialius</strong></span> <span class='ocrx_word' id='word_1_30' title='bbox 1327 1056 1369 1120; x_wconf 91' lang='lat' dir='ltr'><strong>de</strong></span> <span class='ocrx_word' id='word_1_31' title='bbox 1376 1055 1508 1130; x_wconf 88' lang='lat' dir='ltr'><strong>heroico,</strong></span> 
     </span>
     <span class='ocr_line' id='line_1_5' title="bbox 426 1191 1345 1281; baseline 0.001 -26"><span class='ocrx_word' id='word_1_32' title='bbox 426 1192 625 1258; x_wconf 80' lang='lat' dir='ltr'><strong>ratiocinatus</strong></span> <span class='ocrx_word' id='word_1_33' title='bbox 639 1208 695 1271; x_wconf 80' lang='lat' dir='ltr'><strong>est,</strong></span> <span class='ocrx_word' id='word_1_34' title='bbox 710 1216 805 1280; x_wconf 88' lang='lat' dir='ltr'><strong>supra</strong></span> <span class='ocrx_word' id='word_1_35' title='bbox 818 1194 962 1281; x_wconf 79' lang='lat' dir='ltr'><strong>vulgares</strong></span> <span class='ocrx_word' id='word_1_36' title='bbox 976 1194 1173 1259; x_wconf 84' lang='lat' dir='ltr'><strong>literatorum</strong></span> <span class='ocrx_word' id='word_1_37' title='bbox 1186 1191 1345 1256; x_wconf 87' lang='lat' dir='ltr'><strong>notiones.</strong></span> 
     </span>
    </p>

    <p class='ocr_par' dir='ltr' id='par_1_3' title="bbox 429 1325 1514 2364">
     <span class='ocr_line' id='line_1_6' title="bbox 471 1325 1511 1416; baseline 0 -25"><span class='ocrx_word' id='word_1_38' title='bbox 471 1325 590 1391; x_wconf 88' lang='lat' dir='ltr'><strong>Eodem</strong></span> <span class='ocrx_word' id='word_1_39' title='bbox 606 1350 690 1393; x_wconf 88' lang='lat' dir='ltr'><strong>anno</strong></span> <span class='ocrx_word' id='word_1_40' title='bbox 704 1329 898 1415; x_wconf 87' lang='lat' dir='ltr'><strong>publicatum</strong></span> <span class='ocrx_word' id='word_1_41' title='bbox 911 1344 960 1395; x_wconf 88' lang='lat' dir='ltr'><strong>est</strong></span> <span class='ocrx_word' id='word_1_42' title='bbox 972 1352 1052 1416; x_wconf 91' lang='lat' dir='ltr'><strong>opus</strong></span> <span class='ocrx_word' id='word_1_43' title='bbox 1066 1331 1143 1416; x_wconf 90' lang='lat' dir='ltr'><strong>ejus,</strong></span> <span class='ocrx_word' id='word_1_44' title='bbox 1160 1349 1309 1393; x_wconf 86' lang='lat' dir='ltr'><strong>sermone</strong></span> <span class='ocrx_word' id='word_1_45' title='bbox 1327 1327 1442 1414; x_wconf 88' lang='lat' dir='ltr'><strong>patrio,</strong></span> <span class='ocrx_word' id='word_1_46' title='bbox 1464 1329 1511 1392; x_wconf 80' lang='lat' dir='ltr'><strong>De</strong></span> 
     </span>
     <span class='ocr_line' id='line_1_7' title="bbox 429 1460 1510 1550; baseline 0.001 -24"><span class='ocrx_word' id='word_1_47' title='bbox 429 1464 559 1527; x_wconf 82' lang='lat' dir='ltr'><strong>Natura</strong></span> <span class='ocrx_word' id='word_1_48' title='bbox 573 1466 738 1540; x_wconf 82' lang='lat' dir='ltr'><strong>Humano,</strong></span> <span class='ocrx_word' id='word_1_49' title='bbox 754 1465 907 1550; x_wconf 87' lang='lat' dir='ltr'><strong>praefante</strong></span> <span class='ocrx_word' id='word_1_50' title='bbox 928 1466 990 1550; x_wconf 88' lang='lat' dir='ltr'><strong>(uti</strong></span> <span class='ocrx_word' id='word_1_51' title='bbox 1011 1465 1095 1530; x_wconf 87' lang='lat' dir='ltr'><strong>fama</strong></span> <span class='ocrx_word' id='word_1_52' title='bbox 1116 1464 1236 1550; x_wconf 87' lang='lat' dir='ltr'><strong>accepi)</strong></span> <span class='ocrx_word' id='word_1_53' title='bbox 1261 1464 1381 1528; x_wconf 90' lang='lat' dir='ltr'><strong>summi</strong></span> <span class='ocrx_word' id='word_1_54' title='bbox 1397 1460 1510 1550; x_wconf 90' lang='lat' dir='ltr'><strong>ingenii</strong></span> 
     </span>
     <span class='ocr_line' id='line_1_8' title="bbox 429 1596 1511 1682; baseline 0.002 -23"><span class='ocrx_word' id='word_1_55' title='bbox 429 1617 466 1659; x_wconf 84' lang='lat' dir='ltr'><strong>ac</strong></span> <span class='ocrx_word' id='word_1_56' title='bbox 484 1596 596 1682; x_wconf 89' lang='lat' dir='ltr'><strong>judicii</strong></span> <span class='ocrx_word' id='word_1_57' title='bbox 621 1597 688 1662; x_wconf 83' lang='lat' dir='ltr'><strong>viro</strong></span> <span class='ocrx_word' id='word_1_58' title='bbox 715 1598 812 1664; x_wconf 85' lang='lat' dir='ltr'><strong>Setho</strong></span> <span class='ocrx_word' id='word_1_59' title='bbox 839 1599 965 1677; x_wconf 80' lang='lat' dir='ltr'><strong>wardo,</strong></span> <span class='ocrx_word' id='word_1_60' title='bbox 992 1615 1069 1665; x_wconf 91' lang='lat' dir='ltr'><strong>tunc</strong></span> <span class='ocrx_word' id='word_1_61' title='bbox 1094 1598 1309 1665; x_wconf 81' lang='lat' dir='ltr'><strong>Astronomiae</strong></span> <span class='ocrx_word' id='word_1_62' title='bbox 1336 1597 1511 1663; x_wconf 82' lang='lat' dir='ltr'><strong>Professum</strong></span> 
     </span>
     <span class='ocr_line' id='line_1_9' title="bbox 433 1731 1511 1823; baseline 0.004 -27"><span class='ocrx_word' id='word_1_63' title='bbox 433 1731 598 1809; x_wconf 86' lang='lat' dir='ltr'><strong>Saviliano,</strong></span> <span class='ocrx_word' id='word_1_64' title='bbox 628 1756 713 1799; x_wconf 93' lang='lat' dir='ltr'><strong>nunc</strong></span> <span class='ocrx_word' id='word_1_65' title='bbox 742 1734 898 1823; x_wconf 85' lang='lat' dir='ltr'><strong>Episcopo</strong></span> <span class='ocrx_word' id='word_1_66' title='bbox 934 1737 1171 1814; x_wconf 82' lang='lat' dir='ltr'><strong>Sarisburiensi,</strong></span> <span class='ocrx_word' id='word_1_67' title='bbox 1207 1750 1240 1801; x_wconf 88' lang='lat' dir='ltr'><strong>et</strong></span> <span class='ocrx_word' id='word_1_68' title='bbox 1274 1733 1511 1822; x_wconf 81' lang='lat' dir='ltr'><strong>elegantissimis</strong></span> 
     </span>
     <span class='ocr_line' id='line_1_10' title="bbox 431 1867 1512 1959; baseline 0.005 -27"><span class='ocrx_word' id='word_1_69' title='bbox 431 1867 570 1933; x_wconf 82' lang='lat' dir='ltr'><strong>iambicis</strong></span> <span class='ocrx_word' id='word_1_70' title='bbox 583 1867 755 1934; x_wconf 84' lang='lat' dir='ltr'><strong>adornante</strong></span> <span class='ocrx_word' id='word_1_71' title='bbox 771 1870 941 1959; x_wconf 88' lang='lat' dir='ltr'><strong>Radulpho</strong></span> <span class='ocrx_word' id='word_1_72' title='bbox 957 1872 1119 1949; x_wconf 87' lang='lat' dir='ltr'><strong>Bathurst,</strong></span> <span class='ocrx_word' id='word_1_73' title='bbox 1142 1886 1220 1937; x_wconf 88' lang='lat' dir='ltr'><strong>tunc</strong></span> <span class='ocrx_word' id='word_1_74' title='bbox 1233 1871 1389 1958; x_wconf 85' lang='lat' dir='ltr'><strong>magistro</strong></span> <span class='ocrx_word' id='word_1_75' title='bbox 1401 1871 1512 1937; x_wconf 69' lang='lat' dir='ltr'><strong>moun</strong></span> 
     </span>
     <span class='ocr_line' id='line_1_11' title="bbox 433 2003 1514 2092; baseline 0.001 -23"><span class='ocrx_word' id='word_1_76' title='bbox 433 2003 567 2092; x_wconf 91' lang='lat' dir='ltr'><strong>Collegii</strong></span> <span class='ocrx_word' id='word_1_77' title='bbox 588 2005 753 2071; x_wconf 86' lang='lat' dir='ltr'><strong>Trinitatis</strong></span> <span class='ocrx_word' id='word_1_78' title='bbox 775 2007 880 2075; x_wconf 87' lang='lat' dir='ltr'><strong>Oxon.</strong></span> <span class='ocrx_word' id='word_1_79' title='bbox 906 2031 992 2074; x_wconf 90' lang='lat' dir='ltr'><strong>nunc</strong></span> <span class='ocrx_word' id='word_1_80' title='bbox 1015 2008 1135 2074; x_wconf 89' lang='lat' dir='ltr'><strong>decano</strong></span> <span class='ocrx_word' id='word_1_81' title='bbox 1163 2007 1384 2074; x_wconf 87' lang='lat' dir='ltr'><strong>Batboniensi.</strong></span> <span class='ocrx_word' id='word_1_82' title='bbox 1431 2008 1514 2074; x_wconf 85' lang='lat' dir='ltr'><strong>Sicut</strong></span> 
     </span>
     <span class='ocr_line' id='line_1_12' title="bbox 433 2142 1514 2232; baseline 0.001 -26"><span class='ocrx_word' id='word_1_83' title='bbox 433 2142 537 2219; x_wconf 85' lang='lat' dir='ltr'><strong>etiam,</strong></span> <span class='ocrx_word' id='word_1_84' title='bbox 557 2165 641 2208; x_wconf 83' lang='lat' dir='ltr'><strong>anno</strong></span> <span class='ocrx_word' id='word_1_85' title='bbox 655 2158 806 2223; x_wconf 81' lang='lat' dir='ltr'><strong>vertente,</strong></span> <span class='ocrx_word' id='word_1_86' title='bbox 825 2144 906 2211; x_wconf 88' lang='lat' dir='ltr'><strong>liber</strong></span> <span class='ocrx_word' id='word_1_87' title='bbox 921 2149 972 2212; x_wconf 85' lang='lat' dir='ltr'><strong>De</strong></span> <span class='ocrx_word' id='word_1_88' title='bbox 989 2149 1128 2232; x_wconf 79' lang='lat' dir='ltr'><strong>Corpore</strong></span> <span class='ocrx_word' id='word_1_89' title='bbox 1141 2147 1279 2211; x_wconf 75' lang='lat' dir='ltr'><strong>Politico</strong></span> <span class='ocrx_word' id='word_1_90' title='bbox 1295 2142 1441 2209; x_wconf 86' lang='lat' dir='ltr'><strong>Londini</strong></span> <span class='ocrx_word' id='word_1_91' title='bbox 1460 2144 1514 2208; x_wconf 90' lang='lat' dir='ltr'><strong>im·</strong></span> 
     </span>
     <span class='ocr_line' id='line_1_13' title="bbox 434 2292 626 2364; baseline -0.005 -21"><span class='ocrx_word' id='word_1_92' title='bbox 434 2300 556 2364; x_wconf 91' lang='lat' dir='ltr'><strong>pressus</strong></span> <span class='ocrx_word' id='word_1_93' title='bbox 570 2292 626 2343; x_wconf 90' lang='lat' dir='ltr'><strong>est</strong></span> 
     </span>
    </p>

    <p class='ocr_par' dir='ltr' id='par_1_4' title="bbox 437 2414 1528 3586">
     <span class='ocr_line' id='line_1_14' title="bbox 479 2414 1517 2504; baseline 0.002 -28"><span class='ocrx_word' id='word_1_94' title='bbox 479 2414 576 2477; x_wconf 85' lang='lat' dir='ltr'><strong>Anno</strong></span> <span class='ocrx_word' id='word_1_95' title='bbox 592 2418 671 2479; x_wconf 85' lang='grc'>1651</span> <span class='ocrx_word' id='word_1_96' title='bbox 688 2415 804 2501; x_wconf 91' lang='lat' dir='ltr'><strong>prodiit</strong></span> <span class='ocrx_word' id='word_1_97' title='bbox 824 2417 975 2504; x_wconf 89' lang='lat' dir='ltr'><strong>scriptum</strong></span> <span class='ocrx_word' id='word_1_98' title='bbox 1001 2417 1130 2481; x_wconf 88' lang='lat' dir='ltr'><strong>nomine</strong></span> <span class='ocrx_word' id='word_1_99' title='bbox 1156 2420 1340 2482; x_wconf 79' lang='lat' dir='ltr'><strong>Leviotlton</strong></span> <span class='ocrx_word' id='word_1_100' title='bbox 1370 2418 1443 2503; x_wconf 86' lang='lat' dir='ltr'><strong>(per</strong></span> <span class='ocrx_word' id='word_1_101' title='bbox 1456 2427 1517 2479; x_wconf 87' lang='lat' dir='ltr'><strong>stu·</strong></span> 
     </span>
     <span class='ocr_line' id='line_1_15' title="bbox 437 2547 1520 2642; baseline 0.002 -31"><span class='ocrx_word' id='word_1_102' title='bbox 437 2547 576 2633; x_wconf 90' lang='lat' dir='ltr'><strong>pendum</strong></span> <span class='ocrx_word' id='word_1_103' title='bbox 599 2549 677 2614; x_wconf 91' lang='lat' dir='ltr'><strong>illud</strong></span> <span class='ocrx_word' id='word_1_104' title='bbox 697 2552 813 2616; x_wconf 85' lang='lat' dir='ltr'><strong>animal</strong></span> <span class='ocrx_word' id='word_1_105' title='bbox 834 2552 1018 2642; x_wconf 85' lang='lat' dir='ltr'><strong>designatur</strong></span> <span class='ocrx_word' id='word_1_106' title='bbox 1034 2575 1148 2639; x_wconf 88' lang='lat' dir='ltr'><strong>corpus</strong></span> <span class='ocrx_word' id='word_1_107' title='bbox 1161 2551 1353 2638; x_wconf 82' lang='lat' dir='ltr'><strong>politicum),</strong></span> <span class='ocrx_word' id='word_1_108' title='bbox 1369 2552 1454 2618; x_wconf 90' lang='lat' dir='ltr'><strong>liber</strong></span> <span class='ocrx_word' id='word_1_109' title='bbox 1466 2572 1520 2639; x_wconf 91' lang='lat' dir='ltr'><strong>per</strong></span> 
     </span>
     <span class='ocr_line' id='line_1_16' title="bbox 439 2682 1521 2775; baseline 0.004 -26"><span class='ocrx_word' id='word_1_110' title='bbox 439 2682 599 2770; x_wconf 86' lang='lat' dir='ltr'><strong>Europam</strong></span> <span class='ocrx_word' id='word_1_111' title='bbox 622 2685 858 2766; x_wconf 84' lang='lat' dir='ltr'><strong>celeberrimus3</strong></span> <span class='ocrx_word' id='word_1_112' title='bbox 893 2688 1014 2775; x_wconf 89' lang='lat' dir='ltr'><strong>scriptis</strong></span> <span class='ocrx_word' id='word_1_113' title='bbox 1039 2688 1166 2752; x_wconf 80' lang='lat' dir='ltr'><strong>interim</strong></span> <span class='ocrx_word' id='word_1_114' title='bbox 1193 2686 1360 2752; x_wconf 86' lang='lat' dir='ltr'><strong>contrariis</strong></span> <span class='ocrx_word' id='word_1_115' title='bbox 1388 2687 1521 2753; x_wconf 86' lang='lat' dir='ltr'><strong>vexatis·</strong></span> 
     </span>
     <span class='ocr_line' id='line_1_17' title="bbox 439 2821 1522 2910; baseline 0.002 -25"><span class='ocrx_word' id='word_1_116' title='bbox 439 2821 551 2898; x_wconf 85' lang='lat' dir='ltr'><strong>simus3</strong></span> <span class='ocrx_word' id='word_1_117' title='bbox 584 2842 676 2907; x_wconf 93' lang='lat' dir='ltr'><strong>quem</strong></span> <span class='ocrx_word' id='word_1_118' title='bbox 700 2822 845 2887; x_wconf 92' lang='lat' dir='ltr'><strong>nonnulli</strong></span> <span class='ocrx_word' id='word_1_119' title='bbox 868 2824 956 2910; x_wconf 89' lang='lat' dir='ltr'><strong>quasi</strong></span> <span class='ocrx_word' id='word_1_120' title='bbox 982 2822 1143 2888; x_wconf 91' lang='lat' dir='ltr'><strong>insolitum</strong></span> <span class='ocrx_word' id='word_1_121' title='bbox 1166 2821 1307 2908; x_wconf 90' lang='lat' dir='ltr'><strong>politices</strong></span> <span class='ocrx_word' id='word_1_122' title='bbox 1334 2822 1522 2888; x_wconf 86' lang='lat' dir='ltr'><strong>miraculum</strong></span> 
     </span>
     <span class='ocr_line' id='line_1_18' title="bbox 440 2955 1523 3045; baseline 0.005 -25"><span class='ocrx_word' id='word_1_123' title='bbox 440 2971 647 3035; x_wconf 62' lang='lat' dir='ltr'><strong>venerantum</strong></span> <span class='ocrx_word' id='word_1_124' title='bbox 662 2956 714 3020; x_wconf 85' lang='lat' dir='ltr'><strong>alii</strong></span> <span class='ocrx_word' id='word_1_125' title='bbox 730 2957 855 3022; x_wconf 91' lang='lat' dir='ltr'><strong>iuterim</strong></span> <span class='ocrx_word' id='word_1_126' title='bbox 867 2958 955 3045; x_wconf 87' lang='lat' dir='ltr'><strong>quasi</strong></span> <span class='ocrx_word' id='word_1_127' title='bbox 970 2972 1145 3023; x_wconf 91' lang='lat' dir='ltr'><strong>monstrum</strong></span> <span class='ocrx_word' id='word_1_128' title='bbox 1160 2955 1366 3034; x_wconf 91' lang='lat' dir='ltr'><strong>horrendum,</strong></span> <span class='ocrx_word' id='word_1_129' title='bbox 1378 2957 1523 3036; x_wconf 83' lang='lat' dir='ltr'><strong>informe,</strong></span> 
     </span>
     <span class='ocr_line' id='line_1_19' title="bbox 441 3090 1525 3181; baseline -0.003 -21"><span class='ocrx_word' id='word_1_130' title='bbox 441 3094 527 3160; x_wconf 92' lang='lat' dir='ltr'><strong>omni</strong></span> <span class='ocrx_word' id='word_1_131' title='bbox 561 3093 688 3159; x_wconf 89' lang='lat' dir='ltr'><strong>rationis</strong></span> <span class='ocrx_word' id='word_1_132' title='bbox 719 3092 838 3158; x_wconf 87' lang='lat' dir='ltr'><strong>lumine</strong></span> <span class='ocrx_word' id='word_1_133' title='bbox 869 3093 1063 3171; x_wconf 90' lang='lat' dir='ltr'><strong>destitutum,</strong></span> <span class='ocrx_word' id='word_1_134' title='bbox 1098 3092 1225 3181; x_wconf 85' lang='lat' dir='ltr'><strong>fugiunt</strong></span> <span class='ocrx_word' id='word_1_135' title='bbox 1258 3106 1292 3156; x_wconf 92' lang='lat' dir='ltr'><strong>et</strong></span> <span class='ocrx_word' id='word_1_136' title='bbox 1319 3090 1525 3159; x_wconf 88' lang='lat' dir='ltr'><strong>detestantur.</strong></span> 
     </span>
     <span class='ocr_line' id='line_1_20' title="bbox 444 3226 1527 3316; baseline 0 -21"><span class='ocrx_word' id='word_1_137' title='bbox 444 3230 581 3295; x_wconf 89' lang='lat' dir='ltr'><strong>Fruatur</strong></span> <span class='ocrx_word' id='word_1_138' title='bbox 603 3228 734 3316; x_wconf 89' lang='lat' dir='ltr'><strong>quisque</strong></span> <span class='ocrx_word' id='word_1_139' title='bbox 752 3250 808 3293; x_wconf 92' lang='lat' dir='ltr'><strong>suo</strong></span> <span class='ocrx_word' id='word_1_140' title='bbox 825 3251 882 3314; x_wconf 88' lang='lat' dir='ltr'><strong>per</strong></span> <span class='ocrx_word' id='word_1_141' title='bbox 902 3251 952 3294; x_wconf 93' lang='lat' dir='ltr'><strong>me</strong></span> <span class='ocrx_word' id='word_1_142' title='bbox 975 3251 1068 3293; x_wconf 90' lang='lat' dir='ltr'><strong>sensu</strong></span> <span class='ocrx_word' id='word_1_143' title='bbox 1085 3227 1175 3306; x_wconf 85' lang='lat' dir='ltr'><strong>licet3</strong></span> <span class='ocrx_word' id='word_1_144' title='bbox 1198 3226 1285 3304; x_wconf 89' lang='lat' dir='ltr'><strong>mibi,</strong></span> <span class='ocrx_word' id='word_1_145' title='bbox 1308 3249 1367 3292; x_wconf 89' lang='lat' dir='ltr'><strong>nec</strong></span> <span class='ocrx_word' id='word_1_146' title='bbox 1391 3228 1527 3295; x_wconf 87' lang='lat' dir='ltr'><strong>alienam</strong></span> 
     </span>
     <span class='ocr_line' id='line_1_21' title="bbox 444 3363 1528 3452; baseline 0 -22"><span class='ocrx_word' id='word_1_147' title='bbox 444 3364 681 3452; x_wconf 88' lang='lat' dir='ltr'><strong>philosophandi</strong></span> <span class='ocrx_word' id='word_1_148' title='bbox 717 3363 894 3428; x_wconf 89' lang='lat' dir='ltr'><strong>libertatem</strong></span> <span class='ocrx_word' id='word_1_149' title='bbox 929 3363 1195 3441; x_wconf 86' lang='lat' dir='ltr'><strong>circumscribere,</strong></span> <span class='ocrx_word' id='word_1_150' title='bbox 1225 3384 1329 3450; x_wconf 89' lang='lat' dir='ltr'><strong>neque</strong></span> <span class='ocrx_word' id='word_1_151' title='bbox 1366 3365 1528 3452; x_wconf 87' lang='lat' dir='ltr'><strong>propriam</strong></span> 
     </span>
     <span class='ocr_line' id='line_1_22' title="bbox 445 3500 793 3586; baseline -0.003 -20"><span class='ocrx_word' id='word_1_152' title='bbox 445 3500 586 3586; x_wconf 88' lang='lat' dir='ltr'><strong>pmdere‚</strong></span> <span class='ocrx_word' id='word_1_153' title='bbox 602 3500 724 3564; x_wconf 89' lang='lat' dir='ltr'><strong>animus</strong></span> <span class='ocrx_word' id='word_1_154' title='bbox 737 3515 793 3565; x_wconf 88' lang='lat' dir='ltr'><strong>est.</strong></span> 
     </span>
    </p>

    <p class='ocr_par' dir='ltr' id='par_1_5' title="bbox 448 3632 1533 4268">
     <span class='ocr_line' id='line_1_23' title="bbox 490 3632 1530 3723; baseline 0.002 -26"><span class='ocrx_word' id='word_1_155' title='bbox 490 3632 597 3698; x_wconf 89' lang='lat' dir='ltr'><strong>Missis</strong></span> <span class='ocrx_word' id='word_1_156' title='bbox 619 3647 723 3697; x_wconf 92' lang='lat' dir='ltr'><strong>autern</strong></span> <span class='ocrx_word' id='word_1_157' title='bbox 745 3634 778 3697; x_wconf 95' lang='lat' dir='ltr'><strong>in</strong></span> <span class='ocrx_word' id='word_1_158' title='bbox 802 3633 939 3698; x_wconf 89' lang='lat' dir='ltr'><strong>Galliam</strong></span> <span class='ocrx_word' id='word_1_159' title='bbox 959 3633 1119 3699; x_wconf 91' lang='lat' dir='ltr'><strong>nonnullis</strong></span> <span class='ocrx_word' id='word_1_160' title='bbox 1138 3638 1346 3702; x_wconf 80' lang='lat' dir='ltr'><strong>Leviotltonis</strong></span> <span class='ocrx_word' id='word_1_161' title='bbox 1370 3634 1530 3723; x_wconf 83' lang='lat' dir='ltr'><strong>exempla·</strong></span> 
     </span>
     <span class='ocr_line' id='line_1_24' title="bbox 448 3768 1531 3859; baseline 0.001 -24"><span class='ocrx_word' id='word_1_162' title='bbox 448 3770 545 3847; x_wconf 89' lang='lat' dir='ltr'><strong>ribus,</strong></span> <span class='ocrx_word' id='word_1_163' title='bbox 561 3768 697 3856; x_wconf 81' lang='lat' dir='ltr'><strong>theologi</strong></span> <span class='ocrx_word' id='word_1_164' title='bbox 714 3769 882 3855; x_wconf 82' lang='lat' dir='ltr'><strong>Anglioani</strong></span> <span class='ocrx_word' id='word_1_165' title='bbox 903 3771 957 3858; x_wconf 91' lang='lat' dir='ltr'><strong>qui</strong></span> <span class='ocrx_word' id='word_1_166' title='bbox 979 3771 1062 3837; x_wconf 87' lang='lat' dir='ltr'><strong>circa</strong></span> <span class='ocrx_word' id='word_1_167' title='bbox 1083 3793 1189 3859; x_wconf 90' lang='lat' dir='ltr'><strong>regem</strong></span> <span class='ocrx_word' id='word_1_168' title='bbox 1204 3785 1304 3848; x_wconf 79' lang='lat' dir='ltr'><strong>erant,</strong></span> <span class='ocrx_word' id='word_1_169' title='bbox 1321 3771 1363 3837; x_wconf 92' lang='lat' dir='ltr'><strong>ob</strong></span> <span class='ocrx_word' id='word_1_170' title='bbox 1382 3771 1531 3859; x_wconf 83' lang='lat' dir='ltr'><strong>quaedam</strong></span> 
     </span>
     <span class='ocr_line' id='line_1_25' title="bbox 449 3905 1532 3994; baseline -0.002 -22"><span class='ocrx_word' id='word_1_171' title='bbox 449 3930 487 3972; x_wconf 93' lang='lat' dir='ltr'><strong>eo</strong></span> <span class='ocrx_word' id='word_1_172' title='bbox 515 3907 549 3970; x_wconf 95' lang='lat' dir='ltr'><strong>in</strong></span> <span class='ocrx_word' id='word_1_173' title='bbox 573 3926 667 3989; x_wconf 88' lang='lat' dir='ltr'><strong>opere</strong></span> <span class='ocrx_word' id='word_1_174' title='bbox 690 3905 858 3991; x_wconf 87' lang='lat' dir='ltr'><strong>paradoxa,</strong></span> <span class='ocrx_word' id='word_1_175' title='bbox 890 3906 1056 3972; x_wconf 90' lang='lat' dir='ltr'><strong>Hobbium</strong></span> <span class='ocrx_word' id='word_1_176' title='bbox 1081 3922 1241 3994; x_wconf 86' lang='lat' dir='ltr'><strong>tamquam</strong></span> <span class='ocrx_word' id='word_1_177' title='bbox 1269 3905 1412 3992; x_wconf 88' lang='lat' dir='ltr'><strong>partibus</strong></span> <span class='ocrx_word' id='word_1_178' title='bbox 1438 3906 1532 3993; x_wconf 88' lang='lat' dir='ltr'><strong>regiis</strong></span> 
     </span>
     <span class='ocr_line' id='line_1_26' title="bbox 452 4039 1533 4131; baseline 0.001 -25"><span class='ocrx_word' id='word_1_179' title='bbox 452 4043 557 4106; x_wconf 93' lang='lat' dir='ltr'><strong>minus</strong></span> <span class='ocrx_word' id='word_1_180' title='bbox 576 4039 745 4117; x_wconf 90' lang='lat' dir='ltr'><strong>addictum,</strong></span> <span class='ocrx_word' id='word_1_181' title='bbox 762 4054 828 4104; x_wconf 90' lang='lat' dir='ltr'><strong>turn</strong></span> <span class='ocrx_word' id='word_1_182' title='bbox 851 4054 887 4105; x_wconf 92' lang='lat' dir='ltr'><strong>ut</strong></span> <span class='ocrx_word' id='word_1_183' title='bbox 907 4064 1060 4107; x_wconf 89' lang='lat' dir='ltr'><strong>novarum</strong></span> <span class='ocrx_word' id='word_1_184' title='bbox 1083 4043 1311 4131; x_wconf 89' lang='lat' dir='ltr'><strong>impiarumque</strong></span> <span class='ocrx_word' id='word_1_185' title='bbox 1326 4041 1359 4105; x_wconf 92' lang='lat' dir='ltr'><strong>in</strong></span> <span class='ocrx_word' id='word_1_186' title='bbox 1379 4042 1533 4131; x_wconf 89' lang='lat' dir='ltr'><strong>religione</strong></span> 
     </span>
     <span class='ocr_line' id='line_1_27' title="bbox 452 4178 1533 4268; baseline -0.003 -23"><span class='ocrx_word' id='word_1_187' title='bbox 452 4179 635 4267; x_wconf 89' lang='lat' dir='ltr'><strong>opinionum</strong></span> <span class='ocrx_word' id='word_1_188' title='bbox 649 4178 812 4244; x_wconf 90' lang='lat' dir='ltr'><strong>authorem</strong></span> <span class='ocrx_word' id='word_1_189' title='bbox 834 4179 1092 4246; x_wconf 88' lang='lat' dir='ltr'><strong>criminabantur.</strong></span> <span class='ocrx_word' id='word_1_190' title='bbox 1133 4179 1312 4244; x_wconf 85' lang='lat' dir='ltr'><strong>Voluerunt</strong></span> <span class='ocrx_word' id='word_1_191' title='bbox 1324 4178 1409 4265; x_wconf 90' lang='lat' dir='ltr'><strong>apud</strong></span> <span class='ocrx_word' id='word_1_192' title='bbox 1424 4201 1533 4268; x_wconf 88' lang='lat' dir='ltr'><strong>regem</strong></span> 
     </span>
    </p>
   </div>
   <div class='ocr_carea' id='block_1_3' title="bbox 451 4313 1535 4404">
    <p class='ocr_par' dir='ltr' id='par_1_6' title="bbox 451 4313 1535 4404">
     <span class='ocr_line' id='line_1_28' title="bbox 451 4313 1535 4404; baseline 0.002 -24"><span class='ocrx_word' id='word_1_193' title='bbox 451 4315 678 4403; x_wconf 89' lang='lat' dir='ltr'><strong>pientissimum</strong></span> <span class='ocrx_word' id='word_1_194' title='bbox 701 4313 867 4380; x_wconf 81' lang='lat' dir='ltr'><strong>calumniae</strong></span> <span class='ocrx_word' id='word_1_195' title='bbox 892 4314 1051 4403; x_wconf 87' lang='lat' dir='ltr'><strong>religionis</strong></span> <span class='ocrx_word' id='word_1_196' title='bbox 1074 4317 1175 4404; x_wconf 88' lang='lat' dir='ltr'><strong>specie</strong></span> <span class='ocrx_word' id='word_1_197' title='bbox 1202 4316 1341 4393; x_wconf 82' lang='lat' dir='ltr'><strong>larvatae,</strong></span> <span class='ocrx_word' id='word_1_198' title='bbox 1359 4330 1392 4381; x_wconf 92' lang='lat' dir='ltr'><strong>et</strong></span> <span class='ocrx_word' id='word_1_199' title='bbox 1412 4339 1535 4404; x_wconf 85' lang='lat' dir='ltr'><strong>praeva-</strong></span> 
     </span>
    </p>
   </div>
   <div class='ocr_carea' id='block_1_4' title="bbox 453 4447 1535 4542">
    <p class='ocr_par' dir='ltr' id='par_1_7' title="bbox 453 4447 1535 4542">
     <span class='ocr_line' id='line_1_29' title="bbox 453 4447 1535 4542; baseline 0.001 -27"><span class='ocrx_word' id='word_1_200' title='bbox 453 4452 590 4517; x_wconf 85' lang='lat' dir='ltr'><strong>lentibus</strong></span> <span class='ocrx_word' id='word_1_201' title='bbox 600 4447 793 4526; x_wconf 83' lang='lat' dir='ltr'><strong>adversariis,</strong></span> <span class='ocrx_word' id='word_1_202' title='bbox 806 4471 847 4514; x_wconf 89' lang='lat' dir='ltr'><strong>ne</strong></span> <span class='ocrx_word' id='word_1_203' title='bbox 860 4450 901 4515; x_wconf 90' lang='lat' dir='ltr'><strong>ad</strong></span> <span class='ocrx_word' id='word_1_204' title='bbox 916 4473 1023 4540; x_wconf 87' lang='lat' dir='ltr'><strong>regern</strong></span> <span class='ocrx_word' id='word_1_205' title='bbox 1038 4468 1093 4519; x_wconf 87' lang='lat' dir='ltr'><strong>aut</strong></span> <span class='ocrx_word' id='word_1_206' title='bbox 1106 4453 1235 4519; x_wconf 89' lang='lat' dir='ltr'><strong>domum</strong></span> <span class='ocrx_word' id='word_1_207' title='bbox 1244 4452 1363 4542; x_wconf 86' lang='lat' dir='ltr'><strong>regiam</strong></span> <span class='ocrx_word' id='word_1_208' title='bbox 1372 4453 1535 4520; x_wconf 85' lang='lat' dir='ltr'><strong>accederet</strong></span> 
     </span>
    </p>
   </div>
   <div class='ocr_carea' id='block_1_5' title="bbox 455 4586 815 4652">
    <p class='ocr_par' dir='ltr' id='par_1_8' title="bbox 455 4586 815 4652">
     <span class='ocr_line' id='line_1_30' title="bbox 455 4586 815 4652; baseline -0.014 0"><span class='ocrx_word' id='word_1_209' title='bbox 455 4586 603 4652; x_wconf 85' lang='lat' dir='ltr'><strong>mandato</strong></span> <span class='ocrx_word' id='word_1_210' title='bbox 616 4598 744 4650; x_wconf 90' lang='lat' dir='ltr'><strong>cautum</strong></span> <span class='ocrx_word' id='word_1_211' title='bbox 758 4599 815 4648; x_wconf 79' lang='lat' dir='ltr'><strong>est</strong></span> 
     </span>
    </p>
   </div>
   <div class='ocr_carea' id='block_1_6' title="bbox 0 0 1998 5367">
    <p class='ocr_par' dir='ltr' id='par_1_9' title="bbox 0 0 1998 5367">
     <span class='ocr_line' id='line_1_31' title="bbox 0 0 1998 5367; baseline 0 0"><span class='ocrx_word' id='word_1_212' title='bbox 0 0 1998 5367; x_wconf 95' lang='lat' dir='ltr'><strong> </strong></span> 
     </span>
    </p>
   </div>
  </div>
 </body>
</html>
