3900 5367
449 571 484 637 lx
731 592 816 636 virm
834 591 1019 636 acaciana
1035 589 1245 636 acmantum.

449 775 486 823 ut
502 777 620 823 taceam
635 781 707 846 qum
724 761 755 821 in
771 781 842 823 suos
858 759 890 821 in
911 759 1038 823 fortuna
1060 781 1124 822 non
1145 758 1224 823 adeo
1246 757 1335 823 lauta
1355 758 1550 826 constitutos

449 910 635 960 testamento
657 895 899 980 prudentissime
921 895 1120 980 dispensavit.
1167 894 1254 982 Erga
1274 917 1438 982 pauperes
1452 898 1549 963 etiam

447 1031 618 1096 admodum
649 1029 795 1107 liberalis,
826 1052 902 1116 erga
937 1031 1096 1094 universos
1124 1030 1166 1095 ad
1192 1053 1318 1095 omnem
1343 1032 1489 1116 jtrstitiae
1517 1047 1548 1097 et

447 1169 650 1235 humanitatis
665 1170 819 1233 rationem
833 1167 1096 1233 accommodatus.

491 1305 652 1379 Quantam
668 1306 774 1391 itaque
786 1306 818 1368 in
834 1305 996 1392 republica
1009 1304 1147 1370 literaria
1162 1301 1363 1388 tyrannidem
1379 1303 1543 1380 affectant,

447 1439 502 1525 qui
528 1438 621 1503 talem
645 1454 832 1526 tantumque
858 1442 970 1517 virum,
997 1454 1032 1504 ut
1055 1439 1186 1503 humani
1211 1438 1336 1523 generis
1362 1454 1490 1524 pestem
1513 1454 1544 1504 et

446 1574 612 1661 capitalem
633 1576 792 1663 religionis
807 1577 972 1665 omnisque
987 1576 1084 1641 civilis
1104 1574 1251 1641 consortii
1278 1574 1446 1640 inimicum
1471 1597 1542 1662 pro-

446 1711 598 1788 scribunt,
627 1713 758 1799 ejusque
781 1711 1008 1798 philosophiam
1032 1725 1182 1799 tanquam
1205 1709 1339 1796 pessime
1371 1727 1539 1788 moratam,

446 1849 617 1934 impietate,
646 1849 807 1934 injustitia,
849 1848 998 1936 nequitia,
1029 1846 1185 1911 discordia
1214 1845 1352 1931 denique
1381 1845 1497 1912 foetam
1523 1869 1541 1910 e

445 1986 590 2049 manibus
620 1985 783 2049 hominum
829 2000 978 2048 excutere
1016 1979 1235 2047 contendunt?
1280 2003 1381 2068 quum
1412 1982 1539 2047 interim

445 2136 587 2186 terantur
615 2122 728 2206 passim
761 2118 954 2199 Philostrati,
993 2119 1170 2205 Porphyrii,
1202 2117 1355 2194 Iamblici,
1391 2117 1537 2196 Luciaui,

447 2257 593 2344 Eunapii,
638 2257 760 2333 Rutilii,
794 2257 920 2334 Zosimi,
955 2257 1153 2344 aliorumque
1191 2254 1362 2321 Christiani
1401 2255 1538 2320 nominis

443 2391 581 2457 hostium
611 2393 736 2478 scripta,
766 2392 930 2457 doctorum
959 2394 1087 2478 insuper
1111 2392 1253 2456 vindiciis
1279 2404 1410 2469 ornata3
1435 2413 1538 2478 neque

446 2526 639 2590 Alcoranum
670 2528 821 2613 inspicere
851 2528 937 2592 nefas
963 2551 1039 2604 esse,
1072 2528 1184 2592 emissa
1211 2548 1269 2613 pro
1299 2548 1357 2590 sua
1386 2525 1538 2592 Aloorani

444 2661 582 2724 editione
615 2662 769 2750 apologia,
809 2663 946 2728 ostendit
977 2662 1165 2727 Theodorus
1196 2661 1392 2739 Bibliander,
1423 2662 1474 2726 vir
1503 2675 1538 2726 ut

444 2798 695 2884 incomparabilis
732 2797 895 2875 doctrinae,
925 2799 1125 2885 eloquentiae,
1152 2821 1189 2863 ac
1227 2798 1327 2863 tribus
1356 2798 1390 2861 in
1419 2795 1537 2885 linguis

443 2934 646 3017 praestantiae,
669 2934 712 2998 sic
733 2934 859 3019 pietate,
879 2934 1018 2998 moribus
1033 2948 1065 2998 et
1079 2934 1144 2997 vita
1161 2932 1323 3020 exemplar
1341 2934 1497 3012 omnium,
1511 2932 1536 2998 si

447 3069 590 3134 Gesnero
606 3069 743 3133 Varroni
760 3069 938 3157 Tigurino†
951 3069 1029 3133 fides
1044 3069 1233 3134 adhibenda.

487 3205 507 3270 J
510 3221 614 3270 ustum
630 3206 727 3292 igitur
736 3228 868 3270 examen
881 3206 1015 3270 subeant
1029 3205 1210 3283 Hobbiana,
1222 3204 1405 3292 prudentes,
1420 3229 1534 3294 aequos,

444 3341 608 3406 affectibus
636 3341 751 3406 liberos
780 3341 985 3427 experiantur
1010 3340 1152 3426 judiees:
1185 3340 1271 3427 quod
1300 3362 1412 3404 verum
1440 3357 1535 3429 atque

445 3478 564 3542 bonum
580 3480 611 3542 in
627 3479 781 3543 humanos
796 3502 870 3543 usus
887 3477 1092 3544 transferatur
1098 3501 1107 3554 3
1129 3475 1215 3564 quod
1230 3476 1338 3553 secius,
1353 3498 1417 3563 quo
1432 3479 1535 3542 minus

444 3613 623 3690 damnetur,
634 3637 696 3677 non
707 3637 895 3678 recusamus.
941 3612 999 3676 Vis
1014 3611 1067 3676 illa
1081 3611 1225 3687 coelestis,
1241 3633 1314 3698 quoe
1328 3627 1444 3676 cuneta
1454 3613 1534 3700 regit

444 3773 481 3814 ac
508 3749 697 3826 moderatur,
726 3751 870 3814 universa
898 3750 989 3814 bonis
1015 3748 1167 3836 malisque
1196 3745 1355 3833 variegata
1383 3749 1532 3814 sustinet:

445 3908 501 3949 nos
517 3886 653 3962 interim,
667 3886 708 3950 ob
724 3885 871 3972 quaedarn
884 3909 956 3972 quae
968 3884 1130 3949 arrideant
1140 3884 1254 3960 minus,
1267 3884 1388 3970 optima
1398 3907 1534 3975 quaeque

444 4021 485 4085 de
499 4021 603 4085 medio
617 4021 734 4098 tollere,
747 4043 874 4108 aequum
888 4036 1020 4083 nonest.
1066 4018 1197 4082 Frustra
1208 4017 1331 4082 veritati
1346 4018 1533 4105 ignorantie

444 4159 571 4245 clypeus
593 4157 776 4244 proelertur:
809 4156 928 4243 diuque
950 4157 1043 4220 nimis
1067 4157 1100 4219 in
1127 4177 1325 4220 communem
1360 4155 1533 4223 literatura}

444 4295 627 4382 perniciem,
654 4309 813 4382 grassatus
836 4309 884 4357 est
907 4294 1105 4379 importunus
1132 4291 1333 4379 quorundam
1362 4315 1440 4371 mos,
1467 4293 1532 4381 qui,

444 4429 627 4514 opinionum
649 4431 712 4495 suis
734 4430 935 4496 adversarum
958 4429 1070 4516 gratia,
1087 4428 1187 4492 doctis
1207 4426 1392 4494 authoribus
1415 4428 1533 4494 beilum

862 4601 878 4657 †
899 4598 924 4643 ln
939 4594 1096 4644 bibliotheca.
