3900 5367
530 608 575 650 XX
905 608 979 652 VITA
995 608 1074 653 Tim.
1092 607 1230 652 HOBBES·

529 774 757 838 transmittatur
766 798 776 850 3
797 775 969 859 praesertim
991 774 1051 839 hoc
1064 788 1213 861 tempore,
1229 795 1299 838 cum
1316 772 1497 839 scribuntur
1510 775 1613 864 vulgo

529 909 602 974 vitre
622 911 823 977 obscurorum
844 911 1017 988 hominum,
1039 911 1127 977 nulla
1145 911 1261 975 virtute
1282 910 1462 998 insignium,
1485 912 1612 979 deside·

530 1060 619 1110 rante
633 1046 767 1111 nemine.

573 1180 702 1266 Scripsit
720 1196 880 1268 praeterea,
904 1181 986 1246 cirea
1010 1203 1129 1245 annum
1151 1181 1252 1246 oetatis
1281 1203 1347 1245 suoe
1369 1182 1607 1269 octogesimum,

530 1316 701 1382 Historiam
734 1316 815 1381 Belli
844 1316 952 1382 Civilis
981 1316 1158 1405 Anglicani‚
1189 1305 1270 1382 inter
1302 1317 1423 1404 Regem
1453 1317 1607 1384 Carolum

528 1452 665 1538 primum
697 1466 729 1517 et
761 1450 1004 1517 Parliamentum
1041 1453 1117 1538 ejus,
1154 1451 1305 1539 Anglice3
1341 1452 1417 1516 item
1446 1467 1553 1518 ortum
1576 1468 1609 1519 et

528 1588 719 1653 incrementa
743 1589 901 1675 potestatis
925 1587 1110 1665 Pontificioe,
1133 1588 1271 1653 carmine
1299 1587 1426 1666 Latino,
1455 1611 1606 1655 versuum

527 1724 650 1790 circiter
662 1725 761 1790 duum
774 1726 914 1792 millium.
961 1725 1024 1791 Sed
1039 1748 1102 1791 non
1117 1725 1262 1790 sinebant
1284 1739 1425 1811 tempora
1446 1739 1483 1789 ut
1496 1726 1605 1813 publi-

530 1875 685 1926 welliur·

571 1996 740 2062 Silentibus
762 1996 888 2062 tandem
907 1984 1099 2073 adversariis,
1122 2018 1240 2060 annum
1261 2018 1357 2084 agens
1380 1997 1608 2085 octogesimum

527 2132 702 2217 septimum,
719 2132 850 2196 Homeri
865 2137 1036 2218 Odysseom
1052 2131 1158 2208 edidit,
1174 2154 1195 2196 a
1208 2155 1241 2196 se
1255 2155 1433 2197 conversam
1450 2132 1483 2197 in
1498 2156 1608 2199 versus

528 2265 728 2353 Anglioanos,
761 2288 845 2331 anno
867 2265 982 2329 deinde
1009 2267 1152 2352 proximo
1176 2267 1268 2331 etiam
1297 2271 1429 2333 Iliada:
1468 2267 1609 2356 denique

529 2406 777 2497 Cyclomerrtan,
792 2424 911 2466 annum
919 2423 1015 2488 agens
1027 2402 1276 2489 nonagessimum
1286 2403 1433 2489 primurn,
1449 2403 1607 2491 integram

528 2536 668 2601 nondum
683 2537 808 2602 editam.

571 2672 666 2747 Quod
680 2673 721 2738 ad
731 2673 862 2739 sormam
877 2673 998 2751 attinet,
1014 2673 1102 2738 vultu
1117 2689 1185 2738 erat
1199 2697 1263 2739 non
1282 2675 1429 2762 specioso,
1451 2674 1516 2753 sed.
1533 2698 1607 2741 cum

527 2806 716 2894 loqueretur,
742 2831 805 2874 non
832 2810 963 2896 ingrato.
1008 2808 1136 2904 Effigies
1159 2811 1226 2896 ejus
1251 2809 1292 2875 ad
1317 2812 1424 2875 vivum
1445 2833 1465 2875 a
1486 2813 1608 2898 pictore

527 2942 698 3010 excellente
720 2945 882 3031 descripta,
905 2944 1006 3032 qualis
1020 2961 1087 3010 erat
1104 2945 1203 3011 aetatis
1225 2970 1291 3011 suae
1313 2948 1552 3034 septuagesimo,
1573 2948 1608 3012 in

527 3079 664 3147 conclavi
692 3081 787 3169 Regis
813 3081 920 3147 Caroli
946 3082 1082 3147 Secundi
1108 3098 1317 3148 conservatur.
1363 3083 1484 3148 Extant
1511 3085 1608 3149 etiam

526 3216 665 3303 ejusdem
680 3217 829 3305 imagines
837 3218 878 3282 ab
891 3216 960 3281 aliis
973 3216 1153 3303 pictoribus,
1167 3219 1296 3284 diversis
1308 3219 1501 3307 temporibus
1515 3220 1607 3287 factae

528 3370 639 3443 rogatu
652 3356 832 3433 amicorum,
851 3355 883 3418 in
900 3353 1019 3442 Anglia
1032 3377 1095 3420 non
1110 3377 1229 3441 paucas,
1245 3371 1277 3420 et
1292 3356 1325 3420 in
1343 3355 1449 3421 Gallia
1461 3356 1591 3444 aliquot

571 3492 692 3557 Natura
705 3515 769 3570 sua,
792 3509 825 3558 et
837 3493 945 3579 primis
960 3492 1060 3570 annis,
1083 3492 1243 3558 ferebatur
1257 3492 1298 3558 ad
1320 3492 1487 3558 lectionem
1508 3494 1607 3559 histo-

527 3631 643 3695 riarum
655 3644 857 3716 etpoetarum
868 3657 878 3710 ;
899 3644 932 3694 et
944 3630 1011 3716 ipse
1025 3652 1151 3717 quoque
1164 3652 1290 3695 carmen
1312 3628 1453 3706 tentavit,
1473 3651 1532 3693 nec
1557 3633 1608 3715 (ut

527 3767 654 3854 plurimi
671 3767 872 3852 judicabunt)
897 3767 1071 3834 infeliciter.
1117 3767 1231 3833 Postea
1253 3779 1358 3831 autem
1378 3787 1450 3829 cum
1475 3765 1508 3829 iu
1531 3787 1608 3830 con·

526 3925 634 3991 gressu
657 3902 792 3990 quodam
818 3902 954 3968 virorum
969 3904 1142 3981 doctorum,
1167 3903 1326 3967 mentione
1348 3902 1431 3968 sacta
1451 3902 1491 3967 de
1514 3923 1609 3967 cansa

527 4039 686 4116 sensionis,
698 4055 892 4126 quaerentem
903 4064 1010 4120 unum,
1024 4043 1111 4130 quasi
1122 4064 1179 4128 per
1189 4055 1414 4126 contemptum,
1429 4042 1517 4109 Quid
1529 4048 1608 4104 esset

525 4199 639 4251 smus,
656 4197 713 4239 nec
725 4198 912 4265 quemquam
927 4178 1063 4243 audisset
1075 4177 1328 4264 respondentem,
1344 4174 1526 4250 mirabatur,
1550 4172 1614 4261 qui·

526 4311 596 4376 fieri
621 4311 766 4397 potuerit,
790 4328 825 4378 ut
839 4315 894 4402 qui
912 4316 1072 4401 sapientiae
1092 4315 1184 4380 titulo
1205 4313 1346 4379 homines
1364 4326 1493 4375 caeteros
1518 4324 1607 4375 tanto

526 4449 607 4514 fastu
622 4449 824 4537 despicerent,
840 4475 910 4518 suos
921 4453 1058 4539 ipsorum
1070 4474 1187 4529 sensus,
1204 4449 1281 4538 quid
1292 4464 1403 4526 essent,
1414 4447 1605 4535 ignorarent.

528 4586 580 4651 Ex
593 4610 631 4653 eo
645 4602 784 4674 tempore
798 4589 838 4654 de
851 4612 944 4655 causa
957 4588 1111 4655 sentiendi
1126 4611 1210 4674 saepe
1220 4585 1379 4676 cogitanti,
1389 4584 1469 4650 forte
1479 4582 1606 4648 fortuna
