3900 5367
469 548 523 609 xiv
850 566 927 609 vira
942 565 1022 610 mro.
1040 565 1179 608 nosses.

470 732 633 816 (adhibitis
658 732 935 819 grammaticorum
959 731 1129 796 celebrium
1152 731 1399 814 commentariis)
1424 734 1563 798 versavit

467 866 653 954 diligentem
676 889 740 931 non
755 881 791 931 ut
804 867 926 944 floride,
951 867 1008 931 sed
1030 881 1066 931 ut
1088 865 1203 930 Latine
1225 882 1330 953 posset
1354 867 1503 946 scribere,
1530 885 1564 934 et

422 1079 425 1098 Ι
467 1003 532 1067 vim
554 1003 723 1068 verborum
746 1002 889 1090 cogitatis
911 1016 1138 1089 congruentem
1161 1002 1319 1080 invenire;
1342 1002 1449 1089 itaque
1463 1005 1564 1070 verba

420 1117 644 1225 §disponere
660 1153 696 1203 ut
711 1138 805 1202 lectio
819 1138 985 1223 perspicua
998 1151 1030 1201 et
1044 1135 1142 1201 facilis
1156 1151 1246 1201 esset.
1292 1136 1381 1201 Inter
1395 1137 1563 1205 historiens

469 1273 599 1338 Graecos
620 1271 842 1359 Thucydidem
864 1296 931 1360 prae
953 1273 1075 1338 coeteris
1098 1272 1218 1348 dilexit,
1244 1287 1276 1338 et
1290 1274 1395 1338 vacuis
1417 1274 1504 1340 horis
1528 1278 1562 1340 in

467 1431 644 1474 sermonem
661 1409 831 1496 Anglicum
843 1408 995 1495 paulatim
1007 1430 1192 1472 conversum
1204 1430 1276 1472 cum
1288 1408 1441 1475 nonnulla
1453 1410 1561 1491 laude,

468 1545 551 1610 circa
572 1568 691 1609 annum
714 1544 832 1609 Christi
858 1548 950 1620 1668,
974 1544 1007 1606 in
1034 1542 1197 1629 publicum
1223 1542 1341 1620 edidit3
1364 1567 1402 1609 eo
1425 1545 1500 1623 fine,
1525 1563 1563 1612 ut

467 1682 596 1768 ineptia*
611 1681 904 1749 Democraticorum
928 1680 1172 1745 Atheniensium
1186 1680 1366 1762 concivibus
1389 1682 1453 1747 suis
1464 1698 1557 1769 pate·

468 1816 591 1882 fierent.
637 1816 686 1883 Eo
705 1840 790 1882 anno
813 1816 929 1883 Comes
947 1816 1111 1893 Devonioe,
1128 1817 1179 1881 cui
1200 1816 1268 1903 jam
1283 1818 1432 1883 servierat
1446 1820 1563 1907 viginti

468 1978 577 2034 annos,
593 1956 677 2020 diem
698 1956 787 2033 obiit,
809 1970 898 2043 patre
920 1956 989 2040 ejus
1010 1954 1139 2019 biennio
1160 1970 1234 2018 ante
1257 1953 1416 2021 defuncto.
1461 1956 1563 2023 Anno

468 2109 630 2181 sequente,
646 2094 700 2181 qui
716 2107 785 2158 erat
801 2093 918 2158 Christi
943 2096 1036 2167 1629,
1062 2112 1135 2154 cum
1159 2090 1313 2177 attigisset
1337 2113 1458 2155 annum
1481 2115 1562 2180 qua·

468 2229 690 2317 dragesimum,
726 2244 854 2316 rogatus
875 2251 895 2292 a
916 2227 1110 2291 nobilissimo
1140 2227 1205 2291 viro
1236 2227 1375 2292 Domino
1405 2228 1562 2295 Gervasio

470 2366 600 2444 Clilton,
613 2380 648 2430 ut
659 2365 752 2429 vellet
762 2364 863 2428 filium
875 2387 966 2428 suum
975 2363 1204 2428 adolescentem
1214 2363 1355 2428 comitari
1364 2363 1398 2426 in
1409 2362 1560 2443 Galliam,

468 2500 589 2586 accepit
603 2499 825 2565 conditionem.
870 2499 909 2564 In
932 2499 1185 2587 peregrinatione
1208 2498 1262 2564 illa
1285 2498 1438 2585 inspicere
1460 2502 1561 2588 coepit

469 2636 502 2699 in
519 2635 685 2718 Elementa
700 2636 855 2714 Euclidis3
880 2651 913 2700 et
934 2635 1106 2700 delectatus
1126 2633 1273 2699 methodo
1289 2634 1382 2712 illius,
1406 2659 1471 2701 non
1495 2653 1562 2703 tarn

468 2771 511 2836 ob
523 2772 716 2836 theoremata
730 2772 793 2849 ills,
809 2794 904 2859 quam
919 2771 961 2836 ob
975 2785 1076 2835 artem
1091 2769 1309 2847 ratiocinandi,
1322 2768 1562 2858 diligentissime

468 2908 611 2995 perlegit.
657 2910 754 2975 Anno
765 2909 883 2975 Christi
898 2913 990 2985 1631,
1004 2920 1165 2971 revocatus
1180 2919 1228 2970 est
1243 2906 1276 2969 in
1288 2905 1437 2971 familiam
1452 2909 1561 2975 Corni-

469 3044 552 3109 tissae
580 3045 744 3123 Devoniae,
770 3059 806 3110 ut
832 3045 932 3135 filium
959 3066 1052 3108 suum
1078 3042 1235 3107 Comitem
1259 3042 1422 3121 Devonioe,
1446 3062 1560 3113 natum

468 3205 567 3248 annos
585 3187 635 3261 13,
653 3184 685 3247 in
700 3183 799 3248 literis
814 3183 993 3259 instrueret,
1013 3203 1109 3268 quem
1129 3181 1235 3258 etiam,
1250 3181 1375 3247 circiter
1386 3183 1560 3252 triennium

468 3334 548 3408 post,
564 3322 729 3385 comitatus
744 3335 791 3385 est
813 3321 845 3384 in
869 3318 1008 3385 Galliam
1027 3333 1060 3383 et
1083 3317 1218 3396 Italiam,
1246 3318 1421 3384 studionrm
1436 3324 1506 3409 ejus
1527 3340 1561 3390 et

469 3457 617 3521 itinerum
633 3472 744 3522 rector.
790 3458 878 3521 Dum
894 3470 1070 3521 moraretur
1090 3454 1226 3532 Parisiis,
1250 3456 1405 3543 principia
1419 3458 1559 3525 scientie

468 3593 619 3659 naturalis
631 3594 818 3681 investigare
833 3594 937 3680 coepit
984 3592 1154 3666 Quacum
1170 3590 1202 3654 in
1220 3607 1335 3656 natura
1355 3608 1387 3657 et
1402 3597 1554 3662 varietate

468 3745 611 3795 motuum
634 3730 788 3795 contineri
810 3730 912 3806 sciret,
934 3728 1078 3817 quaesivit
1100 3728 1252 3814 inprimis,
1280 3728 1381 3815 qualis
1407 3746 1511 3796 motus
1533 3734 1559 3798 is

425 3940 428 3947 ¹
467 3890 534 3932 esse
555 3881 668 3953 posset,
693 3865 749 3953 qui
772 3865 866 3929 efficit
890 3864 1076 3941 sensionem,
1101 3863 1304 3942 intellectum,
1328 3865 1557 3951 phantasmata,

468 4002 606 4090 aliasque
618 4002 824 4089 proprietates
834 4001 1035 4079 animalium3
1058 4002 1200 4090 cogitatis
1211 4002 1355 4067 suiacum
1369 4003 1558 4071 Reverendo

470 4138 566 4204 Patre
579 4137 707 4203 Marino
722 4137 904 4216 Mersenno,
921 4137 1040 4203 ordinis
1051 4137 1272 4216 Minimorum,
1289 4139 1322 4203 in
1338 4140 1424 4203 omni
1439 4164 1557 4229 genere

468 4274 673 4362 philosophiae
687 4274 894 4339 versatissimo
909 4274 1040 4362 viroque
1063 4274 1192 4360 optimo,
1216 4274 1358 4361 quotidie
1379 4278 1558 4342 communi·

468 4411 554 4476 catis.
599 4411 697 4474 Anno
710 4409 829 4475 Christi
843 4413 924 4476 1637
941 4432 1014 4475 cum
1029 4423 1162 4496 patrono
1173 4432 1230 4474 suo
1243 4409 1275 4473 in
1289 4409 1440 4497 Angliam
1451 4412 1556 4492 rediit,

468 4562 501 4612 et
513 4546 598 4634 apud
614 4546 703 4612 illum
718 4548 849 4624 mansit3
873 4546 958 4611 unde
976 4545 1018 4612 de
1039 4545 1133 4610 rebus
1154 4544 1352 4612 naturalibus
1371 4550 1559 4615 commercia
