3900 5367
439 610 480 674 liv
737 633 822 678 vrrrs
840 632 1024 679 nonninus
1040 628 1252 676 anmantuus.

438 795 609 861 admodum
630 798 731 863 bonus
746 799 913 877 videbitur,
942 801 997 887 qui
1024 796 1186 865 Hobbesio
1211 790 1426 880 displicuerit;
1456 784 1520 849 satis

438 932 589 1010 eruditus,
605 955 700 1020 quem
715 933 768 998 ille
777 934 956 999 mortalium
970 937 1163 1014 ἀμαθέστατος
1174 930 1340 994 literarum
1351 922 1521 1010 imperitum

438 1067 648 1134 affirmaverit.

484 1211 506 1244 “
520 1203 601 1268 Hoee
629 1204 764 1291 proinde
789 1228 853 1269 non
883 1227 957 1269 eum
984 1204 1017 1267 in
1042 1203 1140 1267 finem
1166 1200 1252 1265 dicta
1267 1210 1354 1274 sunt,
1366 1209 1405 1259 ut
1418 1192 1523 1257 furioso

438 1336 558 1401 homini
573 1338 711 1415 satisfiat,
728 1339 783 1402 sed
798 1354 834 1403 ut
846 1339 1002 1426 intelligat
1016 1338 1115 1403 lector
1136 1335 1257 1400 nullam
1280 1330 1457 1407 Hobbesio,
1474 1349 1524 1391 nec

438 1469 585 1548 historiae,
612 1494 670 1536 nec
695 1473 875 1551 academiae,
905 1496 964 1538 nec
992 1472 1103 1559 generi
1131 1471 1281 1544 humano,
1312 1464 1466 1554 quiequid
1490 1485 1525 1527 ex

438 1605 567 1669 adverso
589 1605 737 1671 inclamet
758 1613 878 1675 chartae
895 1613 1036 1692 famosae
1060 1612 1204 1693 scriptor,
1232 1604 1389 1690 injuriam
1411 1601 1525 1672 factam,

438 1742 525 1828 quod
553 1742 670 1808 dictata
693 1743 751 1806 viri
776 1744 924 1829 pestifera
949 1743 1116 1820 notaverit,
1143 1756 1176 1805 et
1200 1740 1368 1817 obnoxias,
1397 1752 1434 1802 ut
1458 1732 1527 1799 nihil

437 1877 563 1963 gravius
588 1878 702 1956 dicam,
729 1879 788 1944 sibi
813 1878 1006 1944 blandientis
1031 1876 1198 1953 Hubbesii,
1219 1889 1277 1940 aut
1302 1873 1429 1939 domini
1449 1871 1479 1937 J.
1493 1871 1528 1933 b

437 2010 545 2077 laudes
571 2014 792 2079 Universitatis
817 2012 1009 2078 Oxoniensis
1034 2011 1202 2075 annalibus
1228 2009 1336 2086 inseri,
1366 2009 1428 2073 nisi
1451 2006 1530 2094 prius

437 2149 611 2232 castigatas,
628 2170 692 2211 non
708 2148 885 2235 permiserit
899 2146 1287 2212 editor.’'—Hacteuus
1298 2144 1364 2209 ille.

482 2280 629 2345 Hobbius
657 2298 763 2346 autem
789 2297 857 2346 tum
883 2283 1075 2347 conscientia
1101 2281 1240 2368 propria,
1270 2295 1343 2345 turn
1370 2278 1532 2344 doctorum

437 2415 620 2478 testimoniis
632 2417 705 2479 satis
719 2416 826 2495 fretus,
838 2440 911 2482 cum
926 2418 1047 2482 decano
1061 2417 1273 2482 contentionis
1292 2415 1408 2480 fimem
1424 2415 1533 2479 duoere

436 2550 599 2626 recusavit,
622 2550 771 2616 ulteriore
796 2576 945 2639 responso
966 2554 1167 2640 dedignatus.
1214 2551 1410 2639 Suspicandi
1434 2565 1535 2615 tamen

436 2703 543 2744 unsam
558 2685 761 2769 arripuerunt
775 2687 931 2764 nonnulli,
949 2688 1117 2753 Hobbium
1139 2710 1159 2752 a
1180 2687 1302 2751 decano
1325 2702 1395 2751 tam
1417 2685 1537 2750 duriter

437 2817 590 2894 habitum,
613 2842 651 2882 eo
673 2821 777 2883 minus
798 2822 831 2884 in
854 2822 936 2886 libro
955 2828 1003 2890 De
1020 2827 1115 2889 Bello
1132 2827 1231 2889 Civili
1245 2826 1430 2906 duplicant)
1451 2838 1538 2884 suam

440 2950 480 3012 de
494 2948 637 3014 doctrina
651 2966 684 3015 et
698 2953 851 3037 regimine
866 2954 1046 3020 academico
1061 2956 1253 3021 sententiam
1271 2955 1501 3020 dissimulasse.

478 3081 609 3160 [Obiter
635 3100 740 3148 autem
767 3099 802 3148 ut
821 3108 976 3164 moneam,
1003 3088 1044 3151 de
1067 3092 1211 3154 censorio
1232 3090 1266 3153 in
1282 3090 1441 3155 authores
1456 3092 1538 3176 jure,
1563 3167 1565 3172 ,

435 3214 601 3279 videantur
618 3217 659 3282 R.
678 3219 715 3282 P.
730 3218 866 3283 Jacobus
882 3221 1051 3285 Gretserus
1073 3245 1091 3285 e
1110 3224 1181 3287 Soc.
1196 3224 1260 3288 Jes.
1283 3224 1370 3289 libro
1394 3225 1439 3290 de
1456 3227 1540 3312 jure,

436 3342 540 3417 modo,
570 3360 603 3408 et
627 3370 715 3412 more
740 3349 938 3434 prohibendi,
967 3356 1169 3441 expurgandi
1195 3372 1228 3421 et
1255 3359 1414 3424 abolendi
1445 3361 1541 3426 libros

435 3471 545 3533 noxios
569 3487 601 3535 et
626 3477 806 3545 haereticos:
832 3482 872 3546 R.
887 3483 923 3547 P.
937 3485 1108 3572 Theophili
1137 3492 1310 3578 Raynaudi
1327 3496 1362 3559 S.
1375 3496 1409 3561 J.
1427 3497 1543 3562 Erote-

435 3614 521 3662 mata
530 3600 570 3663 de
581 3605 670 3669 malis
680 3632 716 3673 ac
727 3614 818 3678 bonis
833 3617 929 3696 libris,
940 3620 1043 3707 deque
1053 3624 1142 3707 justa
1152 3643 1209 3691 aut
1224 3630 1346 3715 injusta
1360 3632 1543 3697 eorundem

435 3730 629 3795 0⁰¹¹f¹xl⁰1¹e²
655 3737 695 3800 R·
712 3743 748 3805 P.
766 3747 925 3816 Antonius
938 3754 1127 3823 Possevinus
1145 3761 1178 3826 S.
1189 3763 1220 3826 J.
1237 3764 1270 3826 in
1284 3765 1500 3846 bibliotheca,
1512 3782 1546 3832 et

435 3862 517 3924 libro
545 3861 585 3923 de
614 3867 737 3934 cultura
765 3877 973 3964 ingeniorum,
1005 3912 1064 3955 nee
1092 3915 1158 3957 non
1188 3898 1269 3960 varii
1294 3903 1545 3985 pontificiorum

437 3991 560 4054 lndices
585 3997 782 4074 prohibitorii
809 4027 842 4073 et
869 4027 1093 4106 expurgatorii,
1123 4028 1330 4115 Hispanicus
1358 4036 1544 4117 Romanus,

437 4121 670 4203 Tridentinus]

480 4248 601 4312 Eodem
609 4275 693 4319 anno
707 4265 798 4341 1674,
810 4273 904 4340 etiam
918 4285 985 4345 seni
1000 4307 1081 4368 pene
1095 4301 1326 4382 nonagenario,

437 4381 549 4455 Musis,
572 4382 667 4449 libros
687 4391 808 4478 aliquot
831 4426 870 4466 ex
896 4411 1027 4480 Homeri

434 4511 535 4593 operis
552 4511 712 4582 Homerici
727 4544 801 4590 mox
814 4537 978 4620 prodituri,

1051 4427 1203 4509 Odyssea,
1227 4438 1396 4518 specimen
1419 4444 1547 4534 integri

995 4559 1164 4624 vernaculo
1186 4588 1337 4637 sermone
1352 4578 1546 4667 evrrlgavit3
