3900 5367
469 588 575 652 lxxxvi
851 610 926 655 vm
942 611 1021 655 ruo.
1039 611 1178 657 aoaaaa.

558 773 693 839 Praemia
709 775 831 839 virtutis
845 775 961 862 populo
975 776 1065 842 dedit
1079 777 1142 855 ille,
1158 778 1351 865 propinquos

601 910 763 997 Sanguine
780 912 944 975 Danorum
960 914 1015 999 qui
1034 913 1201 978 madefecit
1213 935 1325 1001 agroaz

557 1046 631 1112 Huc
646 1062 679 1111 et
691 1047 732 1111 ab
749 1047 938 1130 Aidbelmo†
951 1048 1088 1115 deducta
1100 1066 1148 1114 est
1162 1072 1251 1114 musa
1268 1048 1393 1127 latina,

600 1182 662 1246 Hic
678 1182 788 1246 habuit
803 1183 935 1268 primam
950 1183 1061 1270 lingua
1077 1184 1193 1249 Latina
1207 1184 1356 1250 scholam.

558 1318 631 1383 Non
646 1334 693 1383 est
707 1334 743 1384 ut
757 1320 867 1406 patriae
882 1320 1016 1405 pudeat;
1039 1320 1094 1385 aed
1109 1337 1231 1407 tempus
1245 1321 1390 1409 iniquum

599 1456 796 1543 Conqueror,
812 1472 845 1521 et
859 1479 982 1521 mecum
998 1472 1046 1521 tot
1056 1480 1182 1545 quoque
1196 1473 1271 1523 nata
1286 1457 1377 1524 maia.

556 1593 653 1657 Fama
668 1592 787 1658 serebat
801 1594 886 1657 enim
900 1592 1013 1657 diffusa
1028 1616 1084 1679 per
1094 1593 1210 1680 oppida
1224 1609 1340 1670 nostra,

600 1726 785 1792 Extremum
800 1728 888 1815 genti
903 1727 1000 1792 classe
1015 1728 1122 1792 venire
1136 1728 1231 1793 diem.

553 1864 662 1950 Atque
678 1878 796 1928 metum
811 1879 934 1929 tantum
948 1865 1092 1950 concepit
1106 1879 1182 1929 tunc
1198 1886 1268 1928 mea
1281 1878 1391 1940 mater,

599 2000 644 2064 Ut
658 2015 784 2086 pareret
797 2001 948 2087 geminos,
965 2023 1079 2087 meque
1095 2015 1276 2088 metumque
1290 2000 1394 2065 simul.

555 2135 641 2201 Hinc
655 2152 711 2214 est,
729 2153 762 2201 ut
778 2137 881 2214 credo,
898 2138 1014 2223 patrios
1031 2138 1118 2224 quod
1131 2138 1295 2203 abominor
1309 2138 1423 2214 hostes,

597 2272 710 2337 Pacem
726 2296 797 2338 amo
818 2296 889 2337 cum
907 2274 1012 2350 musis,
1028 2288 1061 2337 et
1074 2273 1178 2338 faciles
1191 2274 1298 2338 socios.

551 2407 646 2471 Disco
661 2408 746 2495 loqui
762 2424 906 2495 quatuor,
924 2409 1053 2474 totidem
1068 2409 1183 2497 legere,
1199 2426 1231 2474 et
1246 2431 1421 2485 numerare,

596 2544 669 2608 Non
686 2547 765 2610 bene
780 2565 933 2632 praeterea
947 2546 1069 2634 fingere
1084 2545 1232 2610 literuias.

554 2682 617 2745 Sex
631 2683 722 2747 annis
736 2683 776 2747 ad
792 2684 886 2748 verba
901 2684 972 2747 steti
990 2684 1113 2748 Groecae
1129 2698 1224 2769 atque
1241 2682 1376 2756 Latinae,

596 2814 638 2880 Et
651 2817 773 2882 decimo
788 2833 901 2904 quarto
918 2818 1025 2882 mittor
1038 2818 1079 2883 ad
1096 2819 1268 2883 Oxonium.

553 2953 627 3019 Huc
645 2956 847 3044 Magdalenae
863 2958 991 3022 veniens
1005 2957 1155 3022 admittor
1169 2957 1202 3020 in
1217 2956 1332 3034 aulam,

596 3090 697 3179 inque
711 3093 774 3157 ima
788 3093 898 3180 iogicae
913 3093 1010 3157 classe
1023 3091 1142 3157 locatus
1156 3114 1254 3156 eram.

551 3228 596 3292 Et
609 3229 784 3314 praeieatori
799 3253 871 3294 cum
887 3230 994 3316 primis
1009 3228 1135 3293 sedulus
1149 3227 1279 3305 adsum3

595 3362 625 3427 Is
640 3364 713 3429 licet
727 3365 876 3430 imberbis
891 3387 961 3429 cum
978 3365 1131 3451 gravitate
1147 3363 1233 3450 legit,

552 3503 712 3579 Bariana,
728 3509 878 3582 celurent,
893 3507 1097 3590 durii,ferio,
1115 3505 1314 3587 baraiypton,

593 3636 671 3715 Hos,
686 3638 820 3717 dicebat,
836 3640 931 3704 habet
946 3640 1047 3726 prima
1062 3639 1165 3727 figura
1179 3637 1299 3703 modos.

554 3776 688 3851 casare,
704 3788 879 3853 cumeum,
887 3780 1021 3862 festino,
1035 3780 1156 3855 baruco,
1171 3779 1311 3860 dempti,

595 3908 676 3974 Haet
690 3911 784 3974 etiam
801 3912 931 3976 totidem
945 3927 1008 3976 stat
1021 3912 1140 3976 variata
1154 3910 1263 3974 modis.

550 4049 715 4130 Felapton,
729 4051 869 4126 utrumn,
884 4052 992 4125 datia-i,
1010 4033 1295 4134 bocardn,feriaon‚

596 4180 679 4244 Sunt
693 4203 798 4245 rursus
814 4181 943 4245 totidem
959 4183 1155 4270 legitimique
1169 4182 1264 4247 modi.

498 4353 513 4411 †
530 4351 590 4400 ttae
602 4353 693 4416 ἀείρεο
712 4355 781 4402 Beda
799 4354 864 4403 Hurt.
881 4355 1087 4414 Ecclesia-stiam,-
1106 4321 1165 4404 Gui.
1184 4355 1443 4410 Maimeeburienaem
1461 4352 1545 4403 Maru.

466 4442 762 4499 Wettmonuterienaemr
780 4444 879 4493 Baranii
896 4446 1015 4503 Annuietr
1032 4444 1141 4493 Balaaum
1161 4455 1185 4494 et
1204 4445 1321 4495 Pittaeum
1336 4446 1365 4493 de
1381 4446 1469 4509 δαίμ
1485 4446 1544 4506 Ary-

463 4533 515 4580 licit
524 4551 533 4591 ‚-
553 4532 595 4584 ar.
606 4533 706 4583 Godwin
717 4535 745 4583 de
754 4533 852 4585 Pmai.
868 4538 935 4599 Auyi.
947 4546 970 4586 et
986 4537 1046 4585 atton
1056 4539 1169 4586 omittam.
1202 4536 1270 4586 Obiit
1286 4552 1349 4585 auno
1366 4537 1422 4595 709,
1434 4534 1546 4586 uouuuiia

463 4623 515 4684 ejur
526 4624 641 4686 opuacula
650 4624 769 4675 habentur
778 4629 802 4676 iu
815 4626 962 4677 Bibliotheca
978 4630 1079 4675 Patr-um
1091 4636 1115 4675 et
1126 4626 1190 4691 apud
1208 4626 1284 4676 Hem.
1295 4627 1421 4676 Caninium
1433 4628 1457 4676 in
1469 4628 1546 4689 Antiq.

463 4712 525 4762 lact.
536 4722 594 4763 torn.
603 4731 625 4763 v.
