<?xml version="1.0" encoding="UTF-8"?>
<!DOCTYPE html PUBLIC "-//W3C//DTD XHTML 1.0 Transitional//EN"
    "http://www.w3.org/TR/xhtml1/DTD/xhtml1-transitional.dtd">
<html xmlns="http://www.w3.org/1999/xhtml" xml:lang="en" lang="en">
 <head>
  <title>
</title>
<meta http-equiv="Content-Type" content="text/html;charset=utf-8" />
  <meta name='ocr-system' content='tesseract 3.04.00' />
  <meta name='ocr-capabilities' content='ocr_page ocr_carea ocr_par ocr_line ocrx_word'/>
</head>
<body>
  <div class='ocr_page' id='page_1' title='image "./operaphilosophi04molegoog/operaphilosophi04molegoog_0206.png"; bbox 0 0 3900 5367; ppageno 0'>
   <div class='ocr_carea' id='block_1_1' title="bbox 541 571 1342 636">
    <p class='ocr_par' dir='ltr' id='par_1_1' title="bbox 541 571 1342 636">
     <span class='ocr_line' id='line_1_1' title="bbox 541 571 1342 636; baseline 0 -2"><span class='ocrx_word' id='word_1_1' title='bbox 541 571 589 634; x_wconf 78' lang='lat'><strong>80</strong></span> <span class='ocrx_word' id='word_1_2' title='bbox 779 583 1045 634; x_wconf 62' lang='lat' dir='ltr'><strong>consummo</strong></span> <span class='ocrx_word' id='word_1_3' title='bbox 1065 582 1159 635; x_wconf 81' lang='lat' dir='ltr'><strong>srvu</strong></span> <span class='ocrx_word' id='word_1_4' title='bbox 1180 583 1342 636; x_wconf 80' lang='lat' dir='ltr'><strong>Locren.</strong></span> 
     </span>
    </p>
   </div>
   <div class='ocr_carea' id='block_1_2' title="bbox 364 750 1577 1301">
    <p class='ocr_par' dir='ltr' id='par_1_2' title="bbox 364 750 1577 1301">
     <span class='ocr_line' id='line_1_2' title="bbox 364 750 1574 870; baseline 0 -48"><span class='ocrx_word' id='word_1_5' title='bbox 364 759 451 870; x_wconf 46' lang='lat' dir='ltr'><strong>PMES</strong></span> <span class='ocrx_word' id='word_1_6' title='bbox 470 759 490 807; x_wconf 89' lang='lat'><strong>1·</strong></span> <span class='ocrx_word' id='word_1_7' title='bbox 540 750 704 845; x_wconf 76' lang='lat' dir='ltr'><strong>sitioneS,</strong></span> <span class='ocrx_word' id='word_1_8' title='bbox 738 751 916 823; x_wconf 92' lang='lat' dir='ltr'><strong>linearum</strong></span> <span class='ocrx_word' id='word_1_9' title='bbox 948 763 987 823; x_wconf 90' lang='lat' dir='ltr'><strong>et</strong></span> <span class='ocrx_word' id='word_1_10' title='bbox 1021 753 1296 847; x_wconf 87' lang='lat' dir='ltr'><strong>superficierum</strong></span> <span class='ocrx_word' id='word_1_11' title='bbox 1331 751 1574 840; x_wconf 83' lang='lat' dir='ltr'>additionem,</span> 
     </span>
     <span class='ocr_line' id='line_1_3' title="bbox 368 860 1576 960; baseline 0 -23"><span class='ocrx_word' id='word_1_12' title='bbox 368 860 490 926; x_wconf 45' lang='grc' dir='ltr'><strong>»η’-ν</strong></span> <span class='ocrx_word' id='word_1_13' title='bbox 540 865 859 953; x_wconf 85' lang='lat' dir='ltr'><strong>substractionem,</strong></span> <span class='ocrx_word' id='word_1_14' title='bbox 885 864 1242 960; x_wconf 82' lang='lat' dir='ltr'><strong>multiplicationem,</strong></span> <span class='ocrx_word' id='word_1_15' title='bbox 1268 864 1500 953; x_wconf 90' lang='lat' dir='ltr'><strong>divisionem,</strong></span> <span class='ocrx_word' id='word_1_16' title='bbox 1520 889 1576 937; x_wconf 87' lang='lat' dir='ltr'><strong>ra-</strong></span> 
     </span>
     <span class='ocr_line' id='line_1_4' title="bbox 539 976 1574 1074; baseline -0.001 -24"><span class='ocrx_word' id='word_1_17' title='bbox 539 978 735 1074; x_wconf 91' lang='lat' dir='ltr'><strong>dicumque</strong></span> <span class='ocrx_word' id='word_1_18' title='bbox 769 978 1035 1051; x_wconf 81' lang='lat' dir='ltr'><strong>extractionem</strong></span> <span class='ocrx_word' id='word_1_19' title='bbox 1069 977 1107 1049; x_wconf 93' lang='lat' dir='ltr'><strong>in</strong></span> <span class='ocrx_word' id='word_1_20' title='bbox 1141 989 1317 1073; x_wconf 91' lang='lat' dir='ltr'><strong>promptu</strong></span> <span class='ocrx_word' id='word_1_21' title='bbox 1349 976 1505 1065; x_wconf 88' lang='lat' dir='ltr'><strong>habent,</strong></span> <span class='ocrx_word' id='word_1_22' title='bbox 1540 977 1574 1049; x_wconf 94' lang='lat' dir='ltr'><strong>id</strong></span> 
     </span>
     <span class='ocr_line' id='line_1_5' title="bbox 541 1088 1577 1188; baseline 0 -26"><span class='ocrx_word' id='word_1_23' title='bbox 541 1090 641 1186; x_wconf 93' lang='lat' dir='ltr'><strong>quod</strong></span> <span class='ocrx_word' id='word_1_24' title='bbox 661 1093 739 1187; x_wconf 87' lang='lat' dir='ltr'><strong>jam</strong></span> <span class='ocrx_word' id='word_1_25' title='bbox 764 1104 963 1188; x_wconf 84' lang='lat' dir='ltr'><strong>geometrae</strong></span> <span class='ocrx_word' id='word_1_26' title='bbox 979 1114 1056 1163; x_wconf 94' lang='lat' dir='ltr'><strong>non</strong></span> <span class='ocrx_word' id='word_1_27' title='bbox 1073 1088 1268 1163; x_wconf 85' lang='lat' dir='ltr'><strong>mediocris</strong></span> <span class='ocrx_word' id='word_1_28' title='bbox 1285 1102 1353 1164; x_wconf 91' lang='lat' dir='ltr'><strong>est.</strong></span> <span class='ocrx_word' id='word_1_29' title='bbox 1408 1090 1577 1163; x_wconf 88' lang='lat' dir='ltr'><strong>Secunda</strong></span> 
     </span>
     <span class='ocr_line' id='line_1_6' title="bbox 542 1204 1576 1301; baseline 0.001 -25"><span class='ocrx_word' id='word_1_30' title='bbox 542 1217 609 1294; x_wconf 90' lang='lat' dir='ltr'><strong>est,</strong></span> <span class='ocrx_word' id='word_1_31' title='bbox 635 1217 677 1277; x_wconf 93' lang='lat' dir='ltr'><strong>ut</strong></span> <span class='ocrx_word' id='word_1_32' title='bbox 695 1229 740 1277; x_wconf 85' lang='lat' dir='ltr'><strong>ex</strong></span> <span class='ocrx_word' id='word_1_33' title='bbox 757 1206 964 1301; x_wconf 88' lang='lat' dir='ltr'><strong>aequatione</strong></span> <span class='ocrx_word' id='word_1_34' title='bbox 983 1205 1133 1277; x_wconf 87' lang='lat' dir='ltr'><strong>inventa</strong></span> <span class='ocrx_word' id='word_1_35' title='bbox 1154 1204 1321 1300; x_wconf 87' lang='lat' dir='ltr'><strong>judicare</strong></span> <span class='ocrx_word' id='word_1_36' title='bbox 1346 1206 1504 1301; x_wconf 88' lang='lat' dir='ltr'><strong>possint,</strong></span> <span class='ocrx_word' id='word_1_37' title='bbox 1530 1229 1576 1277; x_wconf 84' lang='lat' dir='ltr'><strong>au</strong></span> 
     </span>
    </p>
   </div>
   <div class='ocr_carea' id='block_1_3' title="bbox 540 1317 1576 2427">
    <p class='ocr_par' dir='ltr' id='par_1_3' title="bbox 540 1317 1576 2427">
     <span class='ocr_line' id='line_1_7' title="bbox 542 1317 1576 1414; baseline 0.003 -26"><span class='ocrx_word' id='word_1_38' title='bbox 542 1342 587 1388; x_wconf 87' lang='lat' dir='ltr'><strong>cx</strong></span> <span class='ocrx_word' id='word_1_39' title='bbox 613 1341 667 1406; x_wconf 92' lang='lat' dir='ltr'><strong>ea,</strong></span> <span class='ocrx_word' id='word_1_40' title='bbox 695 1317 908 1413; x_wconf 78' lang='lat' dir='ltr'><strong>quaestionis</strong></span> <span class='ocrx_word' id='word_1_41' title='bbox 938 1318 1074 1390; x_wconf 86' lang='lat' dir='ltr'><strong>veritas</strong></span> <span class='ocrx_word' id='word_1_42' title='bbox 1100 1318 1159 1390; x_wconf 89' lang='lat' dir='ltr'><strong>vel</strong></span> <span class='ocrx_word' id='word_1_43' title='bbox 1184 1317 1326 1390; x_wconf 85' lang='lat' dir='ltr'><strong>falsitas</strong></span> <span class='ocrx_word' id='word_1_44' title='bbox 1353 1318 1434 1391; x_wconf 89' lang='lat' dir='ltr'><strong>erui</strong></span> <span class='ocrx_word' id='word_1_45' title='bbox 1458 1319 1576 1414; x_wconf 89' lang='lat' dir='ltr'><strong>possit</strong></span> 
     </span>
     <span class='ocr_line' id='line_1_8' title="bbox 541 1429 1576 1526; baseline 0.002 -25"><span class='ocrx_word' id='word_1_46' title='bbox 541 1454 679 1513; x_wconf 80' lang='lat' dir='ltr'><strong>necne3</strong></span> <span class='ocrx_word' id='word_1_47' title='bbox 706 1429 745 1502; x_wconf 93' lang='lat' dir='ltr'><strong>id</strong></span> <span class='ocrx_word' id='word_1_48' title='bbox 762 1429 862 1525; x_wconf 92' lang='lat' dir='ltr'><strong>quod</strong></span> <span class='ocrx_word' id='word_1_49' title='bbox 877 1430 1027 1526; x_wconf 90' lang='lat' dir='ltr'><strong>majoris</strong></span> <span class='ocrx_word' id='word_1_50' title='bbox 1045 1430 1166 1503; x_wconf 88' lang='lat' dir='ltr'><strong>adhuc</strong></span> <span class='ocrx_word' id='word_1_51' title='bbox 1184 1431 1349 1504; x_wconf 88' lang='lat' dir='ltr'><strong>scientiae</strong></span> <span class='ocrx_word' id='word_1_52' title='bbox 1367 1443 1436 1504; x_wconf 87' lang='lat' dir='ltr'><strong>est.</strong></span> <span class='ocrx_word' id='word_1_53' title='bbox 1488 1432 1576 1505; x_wconf 87' lang='lat' dir='ltr'><strong>Ter-</strong></span> 
     </span>
     <span class='ocr_line' id='line_1_9' title="bbox 542 1542 1574 1638; baseline 0.003 -24"><span class='ocrx_word' id='word_1_54' title='bbox 542 1543 605 1629; x_wconf 92' lang='lat' dir='ltr'><strong>tia,</strong></span> <span class='ocrx_word' id='word_1_55' title='bbox 628 1554 671 1615; x_wconf 93' lang='lat' dir='ltr'><strong>ut</strong></span> <span class='ocrx_word' id='word_1_56' title='bbox 687 1544 896 1638; x_wconf 90' lang='lat' dir='ltr'><strong>aequatione</strong></span> <span class='ocrx_word' id='word_1_57' title='bbox 913 1543 1065 1616; x_wconf 87' lang='lat' dir='ltr'><strong>inventa</strong></span> <span class='ocrx_word' id='word_1_58' title='bbox 1083 1566 1164 1638; x_wconf 87' lang='lat' dir='ltr'><strong>quae</strong></span> <span class='ocrx_word' id='word_1_59' title='bbox 1181 1542 1230 1615; x_wconf 91' lang='lat' dir='ltr'><strong>ad</strong></span> <span class='ocrx_word' id='word_1_60' title='bbox 1247 1543 1461 1638; x_wconf 85' lang='lat' dir='ltr'><strong>quaestionis</strong></span> <span class='ocrx_word' id='word_1_61' title='bbox 1480 1545 1574 1617; x_wconf 90' lang='lat' dir='ltr'><strong>solu-</strong></span> 
     </span>
     <span class='ocr_line' id='line_1_10' title="bbox 542 1654 1575 1743; baseline 0.004 -16"><span class='ocrx_word' id='word_1_62' title='bbox 542 1655 681 1727; x_wconf 86' lang='lat' dir='ltr'><strong>tionem</strong></span> <span class='ocrx_word' id='word_1_63' title='bbox 699 1655 747 1727; x_wconf 93' lang='lat' dir='ltr'><strong>sit</strong></span> <span class='ocrx_word' id='word_1_64' title='bbox 764 1654 908 1743; x_wconf 91' lang='lat' dir='ltr'><strong>idonea,</strong></span> <span class='ocrx_word' id='word_1_65' title='bbox 936 1679 1016 1727; x_wconf 92' lang='lat' dir='ltr'><strong>eam</strong></span> <span class='ocrx_word' id='word_1_66' title='bbox 1034 1655 1088 1727; x_wconf 82' lang='lat' dir='ltr'><strong>ita</strong></span> <span class='ocrx_word' id='word_1_67' title='bbox 1104 1656 1287 1730; x_wconf 88' lang='lat' dir='ltr'><strong>resolvere</strong></span> <span class='ocrx_word' id='word_1_68' title='bbox 1303 1667 1347 1729; x_wconf 89' lang='lat' dir='ltr'><strong>ut</strong></span> <span class='ocrx_word' id='word_1_69' title='bbox 1363 1657 1502 1730; x_wconf 84' lang='lat' dir='ltr'><strong>veritas</strong></span> <span class='ocrx_word' id='word_1_70' title='bbox 1519 1659 1575 1731; x_wconf 88' lang='lat' dir='ltr'><strong>vel</strong></span> 
     </span>
     <span class='ocr_line' id='line_1_11' title="bbox 541 1766 1575 1866; baseline 0.005 -27"><span class='ocrx_word' id='word_1_71' title='bbox 541 1766 681 1840; x_wconf 87' lang='lat' dir='ltr'><strong>falsitas</strong></span> <span class='ocrx_word' id='word_1_72' title='bbox 695 1769 773 1863; x_wconf 87' lang='lat' dir='ltr'><strong>ejus</strong></span> <span class='ocrx_word' id='word_1_73' title='bbox 783 1769 849 1840; x_wconf 90' lang='lat' dir='ltr'><strong>fiat</strong></span> <span class='ocrx_word' id='word_1_74' title='bbox 862 1768 1069 1858; x_wconf 87' lang='lat' dir='ltr'><strong>manifesta,</strong></span> <span class='ocrx_word' id='word_1_75' title='bbox 1087 1769 1126 1842; x_wconf 91' lang='lat' dir='ltr'><strong>id</strong></span> <span class='ocrx_word' id='word_1_76' title='bbox 1144 1769 1243 1864; x_wconf 92' lang='lat' dir='ltr'><strong>quod</strong></span> <span class='ocrx_word' id='word_1_77' title='bbox 1259 1769 1298 1842; x_wconf 93' lang='lat' dir='ltr'><strong>in</strong></span> <span class='ocrx_word' id='word_1_78' title='bbox 1312 1770 1575 1866; x_wconf 85' lang='lat' dir='ltr'><strong>quaestionibus</strong></span> 
     </span>
     <span class='ocr_line' id='line_1_12' title="bbox 542 1880 1575 1979; baseline 0.004 -27"><span class='ocrx_word' id='word_1_79' title='bbox 542 1880 806 1953; x_wconf 88' lang='lat' dir='ltr'><strong>difficilioribus</strong></span> <span class='ocrx_word' id='word_1_80' title='bbox 841 1881 919 1953; x_wconf 87' lang='lat' dir='ltr'><strong>sine</strong></span> <span class='ocrx_word' id='word_1_81' title='bbox 948 1882 1162 1977; x_wconf 81' lang='lat' dir='ltr'><strong>cognitione</strong></span> <span class='ocrx_word' id='word_1_82' title='bbox 1197 1894 1340 1956; x_wconf 90' lang='lat' dir='ltr'><strong>naturae</strong></span> <span class='ocrx_word' id='word_1_83' title='bbox 1374 1884 1575 1979; x_wconf 84' lang='lat' dir='ltr'><strong>figuramm</strong></span> 
     </span>
     <span class='ocr_line' id='line_1_13' title="bbox 542 1994 1575 2089; baseline 0.006 -24"><span class='ocrx_word' id='word_1_84' title='bbox 542 1994 823 2066; x_wconf 89' lang='lat' dir='ltr'><strong>curvilinearum</strong></span> <span class='ocrx_word' id='word_1_85' title='bbox 853 1994 933 2065; x_wconf 85' lang='lat' dir='ltr'><strong>ficri</strong></span> <span class='ocrx_word' id='word_1_86' title='bbox 966 2019 1043 2067; x_wconf 91' lang='lat' dir='ltr'><strong>non</strong></span> <span class='ocrx_word' id='word_1_87' title='bbox 1076 2005 1212 2089; x_wconf 86' lang='lat' dir='ltr'><strong>potest.</strong></span> <span class='ocrx_word' id='word_1_88' title='bbox 1283 1994 1575 2070; x_wconf 87' lang='lat' dir='ltr'><strong>Curvilinearum</strong></span> 
     </span>
     <span class='ocr_line' id='line_1_14' title="bbox 541 2106 1573 2205; baseline 0.005 -26"><span class='ocrx_word' id='word_1_89' title='bbox 541 2118 665 2179; x_wconf 87' lang='lat' dir='ltr'><strong>autem</strong></span> <span class='ocrx_word' id='word_1_90' title='bbox 678 2117 849 2178; x_wconf 86' lang='lat' dir='ltr'><strong>naturam</strong></span> <span class='ocrx_word' id='word_1_91' title='bbox 868 2118 906 2179; x_wconf 91' lang='lat' dir='ltr'><strong>et</strong></span> <span class='ocrx_word' id='word_1_92' title='bbox 921 2106 1168 2202; x_wconf 85' lang='lat' dir='ltr'><strong>proprietates</strong></span> <span class='ocrx_word' id='word_1_93' title='bbox 1186 2107 1224 2179; x_wconf 92' lang='lat' dir='ltr'><strong>in</strong></span> <span class='ocrx_word' id='word_1_94' title='bbox 1238 2120 1414 2205; x_wconf 91' lang='lat' dir='ltr'><strong>promptu</strong></span> <span class='ocrx_word' id='word_1_95' title='bbox 1427 2110 1573 2200; x_wconf 88' lang='lat' dir='ltr'><strong>habere,</strong></span> 
     </span>
     <span class='ocr_line' id='line_1_15' title="bbox 540 2219 1575 2320; baseline 0.005 -29"><span class='ocrx_word' id='word_1_96' title='bbox 540 2219 745 2315; x_wconf 85' lang='lat' dir='ltr'><strong>geometria</strong></span> <span class='ocrx_word' id='word_1_97' title='bbox 778 2243 920 2291; x_wconf 91' lang='lat' dir='ltr'><strong>summa</strong></span> <span class='ocrx_word' id='word_1_98' title='bbox 951 2231 1018 2292; x_wconf 91' lang='lat' dir='ltr'><strong>est.</strong></span> <span class='ocrx_word' id='word_1_99' title='bbox 1083 2220 1231 2294; x_wconf 86' lang='lat' dir='ltr'><strong>Accidit</strong></span> <span class='ocrx_word' id='word_1_100' title='bbox 1263 2235 1445 2317; x_wconf 89' lang='lat' dir='ltr'><strong>praeterea</strong></span> <span class='ocrx_word' id='word_1_101' title='bbox 1478 2223 1575 2320; x_wconf 94' lang='lat' dir='ltr'><strong>quod</strong></span> 
     </span>
     <span class='ocr_line' id='line_1_16' title="bbox 541 2331 1573 2427; baseline 0.009 -25"><span class='ocrx_word' id='word_1_102' title='bbox 541 2331 581 2403; x_wconf 92' lang='lat' dir='ltr'><strong>in</strong></span> <span class='ocrx_word' id='word_1_103' title='bbox 611 2331 880 2427; x_wconf 76' lang='lat' dir='ltr'><strong>aquationibus</strong></span> <span class='ocrx_word' id='word_1_104' title='bbox 911 2333 1140 2405; x_wconf 89' lang='lat' dir='ltr'><strong>inveniendis</strong></span> <span class='ocrx_word' id='word_1_105' title='bbox 1167 2334 1268 2406; x_wconf 90' lang='lat' dir='ltr'><strong>nulla</strong></span> <span class='ocrx_word' id='word_1_106' title='bbox 1293 2346 1350 2408; x_wconf 88' lang='lat' dir='ltr'><strong>est</strong></span> <span class='ocrx_word' id='word_1_107' title='bbox 1365 2337 1573 2423; x_wconf 69' lang='lat' dir='ltr'><strong>methodus</strong></span> 
     </span>
    </p>
   </div>
   <div class='ocr_carea' id='block_1_4' title="bbox 542 2443 1575 2629">
    <p class='ocr_par' dir='ltr' id='par_1_4' title="bbox 542 2443 1575 2629">
     <span class='ocr_line' id='line_1_17' title="bbox 542 2443 1575 2546; baseline 0.01 -32"><span class='ocrx_word' id='word_1_108' title='bbox 542 2443 607 2515; x_wconf 93' lang='lat' dir='ltr'><strong>sed</strong></span> <span class='ocrx_word' id='word_1_109' title='bbox 624 2454 770 2515; x_wconf 86' lang='lat' dir='ltr'><strong>tantum</strong></span> <span class='ocrx_word' id='word_1_110' title='bbox 788 2444 942 2540; x_wconf 92' lang='lat' dir='ltr'><strong>quisque</strong></span> <span class='ocrx_word' id='word_1_111' title='bbox 953 2446 1052 2519; x_wconf 89' lang='lat' dir='ltr'><strong>valet</strong></span> <span class='ocrx_word' id='word_1_112' title='bbox 1066 2457 1245 2543; x_wconf 87' lang='lat' dir='ltr'><strong>quantum</strong></span> <span class='ocrx_word' id='word_1_113' title='bbox 1258 2449 1408 2524; x_wconf 85' lang='lat' dir='ltr'><strong>solertia</strong></span> <span class='ocrx_word' id='word_1_114' title='bbox 1423 2463 1575 2546; x_wconf 85' lang='lat' dir='ltr'><strong>praestat</strong></span> 
     </span>
     <span class='ocr_line' id='line_1_18' title="bbox 542 2555 712 2629; baseline 0 -1"><span class='ocrx_word' id='word_1_115' title='bbox 542 2555 712 2629; x_wconf 88' lang='lat' dir='ltr'><strong>naturali.</strong></span> 
     </span>
    </p>
   </div>
   <div class='ocr_carea' id='block_1_5' title="bbox 0 0 1954 5367">
    <p class='ocr_par' dir='ltr' id='par_1_5' title="bbox 0 0 1954 5367">
     <span class='ocr_line' id='line_1_19' title="bbox 0 0 1954 5367; baseline 0 0"><span class='ocrx_word' id='word_1_116' title='bbox 0 0 1954 5367; x_wconf 95' lang='lat' dir='ltr'><strong> </strong></span> 
     </span>
    </p>
   </div>
  </div>
 </body>
</html>
