3900 5367
458 581 522 645 lviii
737 603 823 648 nra
841 602 1027 648 uoaaraun
1044 600 1255 648 auersatum·

457 768 686 855 sexagesimum
708 791 861 834 manuum
880 784 1026 845 tremore,
1041 766 1219 855 paralyseaa
1233 789 1448 854 praecursore,
1464 768 1561 834 affec·

458 919 509 969 tus
523 920 579 969 est.

502 1040 542 1104 In
557 1040 641 1105 victu
662 1063 726 1105 non
748 1039 919 1105 admodum
941 1040 1091 1116 curiosus,
1106 1038 1230 1103 nullum
1251 1037 1314 1102 cibi
1335 1059 1445 1124 genus
1462 1039 1556 1128 fugit,

458 1200 522 1265 quo
544 1177 679 1264 populus
707 1177 823 1242 utitur:
857 1191 951 1242 oetate
976 1176 1076 1264 magis
1101 1190 1256 1262 provecta,
1282 1189 1398 1239 statam
1428 1198 1556 1264 semper

458 1311 582 1397 prandii
596 1311 704 1376 horam
723 1312 915 1390 observavit3
939 1327 1055 1397 postea,
1076 1311 1184 1397 paucis
1195 1309 1297 1376 tabaci
1308 1309 1554 1386 bauatuliscou·

460 1463 574 1525 tentus,
590 1471 610 1513 a
624 1471 715 1513 coena
729 1471 855 1535 prorsus
869 1449 1031 1514 abstinuit.

503 1584 613 1649 AEtate
635 1584 738 1650 adhuc
761 1586 844 1650 intra
864 1586 1042 1671 juventutis
1068 1585 1219 1650 terminos
1243 1597 1419 1662 constante,
1446 1584 1553 1669 (lioeat

460 1741 569 1784 verum
584 1720 688 1801 fateri)
706 1742 764 1785 nec
778 1721 947 1785 abstemius
963 1720 1033 1797 fuit,
1050 1743 1108 1785 nec
1122 1723 1300 1802 Μισόγυνης·

651 1933 747 1944 --
759 1911 775 1935 “
785 1907 845 1955 Haec
857 1909 938 1956 omnia
950 1908 1108 1957 mediocriter.

652 1997 734 2046 Homo
746 1996 801 2055 fuit,
812 1997 912 2045 humaui
923 1997 984 2046 nihil
995 2014 1009 2045 a
1021 2013 1047 2046 aa
1058 1996 1165 2045 alienum
1176 1998 1298 2059 putarit.”

504 2173 683 2238 Celibatum
699 2172 901 2236 nihilominus
917 2172 1028 2248 tenuit,
1046 2187 1197 2259 tanquam
1216 2171 1426 2259 philosophiae
1439 2173 1551 2240 studiis

461 2308 597 2371 maxime
612 2307 821 2371 commodum.

506 2442 666 2508 Exercitio
680 2444 818 2529 corporis
833 2442 933 2507 multo
947 2444 1105 2520 utebatur,
1121 2443 1186 2530 pila
1200 2443 1352 2530 palmaria
1365 2467 1452 2533 saepe
1466 2445 1549 2522 lusit,

462 2579 613 2666 quamdiu
629 2602 695 2665 prae
710 2594 869 2644 senectute
888 2579 986 2657 licuit,
1010 2581 1106 2644 etiam
1121 2579 1205 2645 ultra
1218 2602 1337 2645 annum
1357 2581 1551 2669 septuagesi-

463 2737 559 2778 mum.
605 2714 683 2801 Ejus
698 2716 731 2779 in
746 2715 860 2793 locum,
883 2738 983 2803 quum
1005 2738 1083 2801 opus
1104 2731 1181 2794 erat,
1204 2715 1348 2781 fortiores
1367 2714 1551 2782 deambula·

463 2852 562 2915 tiones
579 2851 756 2930 substituit3
781 2867 851 2937 post
872 2873 959 2938 quas,
975 2851 1124 2916 adhibitis
1139 2852 1344 2928 frictionibus,
1365 2852 1400 2916 in
1419 2851 1504 2920 lecto
1520 2875 1552 2919 se

462 2986 503 3051 ad
519 2987 656 3074 quietem
671 3009 859 3073 componere
878 2987 988 3051 solitus
1008 3002 1071 3064 est3
1094 2985 1205 3051 ultima
1224 3001 1327 3064 aetate,
1348 3009 1421 3052 cum
1444 2988 1551 3054 deam·

463 3123 573 3188 balare
594 3123 728 3210 amplius
740 3126 794 3188 vix
815 3139 947 3211 poterat,
971 3123 1116 3189 cubiculo
1138 3147 1179 3189 ex
1199 3139 1268 3188 arte
1288 3122 1438 3189 calidiore
1458 3124 1550 3202 facto

463 3258 621 3325 frictiones
646 3261 758 3339 solum,
781 3261 822 3325 ad
848 3278 969 3326 motum
993 3261 1140 3348 sanguini
1164 3260 1240 3326 alias
1265 3260 1346 3326 forte
1366 3275 1551 3350 stagnatum

463 3396 703 3471 conciliandum,
720 3397 890 3484 usurpavit.

509 3532 624 3606 Quoad
646 3555 765 3612 mores3
798 3548 922 3620 oportet
943 3535 1081 3619 primum
1103 3533 1143 3598 de
1165 3533 1316 3620 religione
1337 3535 1551 3600 testimonium

464 3668 578 3733 dicere.
631 3669 736 3734 Deum
754 3685 858 3735 autem
870 3670 1009 3757 agnovit,
1025 3692 1162 3757 eumque
1180 3691 1284 3733 rerum
1299 3669 1442 3734 omnium
1457 3669 1552 3757 origi·

464 3828 549 3888 nem,
564 3806 647 3870 intra
661 3821 810 3893 angustos
822 3821 927 3871 tamen
944 3807 1091 3873 bumanae
1106 3806 1235 3871 rationis
1249 3805 1403 3871 cancellos
1418 3805 1552 3873 nuliate-

464 3964 524 4006 nus
539 3941 868 4007 circumscribendum.
915 3943 1024 4017 Quare
1044 3943 1166 4008 fortiter
1185 3942 1368 4008 calumniati
1388 3958 1473 4022 sunt,
1497 3943 1552 4032 qui

464 4079 567 4164 ipsum
576 4076 720 4142 atheismi
730 4100 818 4170 reum
829 4078 1029 4158 detulerunt3
1044 4080 1130 4168 quod
1139 4080 1213 4145 inde
1224 4081 1352 4146 forsitan
1364 4080 1550 4168 profectum,

464 4216 539 4304 quia
547 4214 800 4280 scholasticorum
810 4215 1006 4304 aliorumque
1021 4219 1079 4282 isto
1094 4217 1134 4282 de
1148 4239 1245 4304 grege
1259 4239 1379 4281 morem
1391 4217 1551 4302 rejecerat,

464 4352 520 4438 qui
535 4351 625 4415 otiosi
640 4352 672 4415 in
689 4352 812 4417 musaeis
827 4353 890 4417 suis
904 4353 1058 4431 sedentes,
1077 4355 1172 4440 juxta
1193 4352 1381 4418 imbecillem
1401 4351 1552 4442 ingenioli

464 4488 512 4552 sui
533 4504 669 4575 captum,
697 4503 820 4554 naturae
847 4490 963 4556 divinae
989 4492 1183 4577 incomperta
1207 4489 1365 4579 affingunt
1389 4490 1550 4555 attributa.

465 4621 535 4689 Nec
548 4626 652 4690 minus
672 4625 750 4691 falso
769 4649 789 4690 a
806 4625 965 4691 nonnullis
986 4626 1184 4692 insimulatus
1204 4641 1261 4705 est,
1277 4641 1428 4715 tanquam
1443 4626 1550 4692 solitu-
