3900 5367
1000 563 1022 603 X

516 726 633 814 Ingens
647 727 692 791 illi
707 728 820 792 mentis
835 728 933 793 robur
947 740 980 791 et
996 742 1100 791 vastus
1114 726 1247 801 animus,
1272 726 1456 813 gravissima
1475 728 1565 815 cogi·

473 863 627 928 tatianum
659 862 809 950 pondera,
842 862 1000 949 judicium
1028 884 1111 939 acre,
1148 862 1348 926 ratiocinium
1384 863 1565 930 incredibili

471 1000 640 1087 sagacitate
667 998 899 1064 admirandum.
945 997 1032 1062 Hinc
1061 996 1114 1076 illi
1137 998 1170 1061 in
1200 998 1337 1063 scientiis
1365 997 1502 1064 arduum
1532 1015 1566 1066 et

470 1134 662 1200 inaoeessum
690 1136 789 1214 nihil;
823 1134 949 1200 moralis
977 1149 1010 1199 et
1039 1135 1138 1200 civilis
1166 1134 1345 1221 prudentiae
1374 1135 1502 1201 culmen
1532 1151 1565 1202 et

469 1269 630 1359 fastigium
643 1286 802 1337 assecutus
816 1285 883 1349 est;
906 1294 1013 1335 rerum
1026 1285 1173 1336 naturam
1185 1272 1377 1358 penitissime
1388 1272 1562 1360 indagavit,

469 1405 704 1472 mathematicas
714 1422 797 1473 artes
805 1407 1007 1473 subtilissime
1015 1408 1162 1473 excoluit.
1209 1408 1363 1496 Magnam
1378 1408 1564 1497 linguarum

471 1541 595 1607 Graecae
618 1542 806 1630 Latinaeque
826 1542 982 1629 peritiam,
1006 1558 1039 1608 et
1064 1545 1096 1608 in
1121 1544 1281 1609 hodiernis
1301 1547 1564 1611 exercitationem

469 1675 555 1742 haud
570 1679 758 1743 mediocrem
785 1694 873 1745 tanto
896 1681 963 1745 viro
990 1680 1152 1746 adstruere
1177 1704 1444 1768 supervacaneum
1470 1681 1564 1747 facile

470 1829 652 1892 censeatur;
684 1830 768 1880 certe
794 1814 965 1902 Anglicani
991 1818 1143 1882 sermonis
1169 1818 1300 1905 genium
1322 1817 1402 1883 adeo
1428 1816 1563 1883 feliciter

468 1951 631 2035 expressit,
654 1967 690 2015 ut
704 1973 776 2016 cum
796 1952 1061 2037 praestantissimis
1086 1952 1189 2039 gentis
1213 1967 1329 2017 nostrae
1355 1952 1563 2038 scriptoribus

468 2085 676 2153 conferendus
711 2088 826 2153 veniat.
893 2086 1051 2174 Exemplo
1080 2088 1120 2153 sit
1155 2089 1357 2173 gravissimus
1393 2086 1562 2153 historicus

468 2220 682 2309 Thucydides,
711 2245 816 2309 quem,
841 2222 890 2287 vel
916 2224 1010 2311 ipsis†
1031 2225 1190 2290 veteribus
1215 2224 1454 2301 subobscurum,
1479 2222 1562 2290 adeo

467 2360 640 2446 perspicue,
656 2358 736 2424 adeo
750 2374 881 2424 venuste
895 2374 928 2424 et
944 2360 1106 2448 eleganter
1122 2360 1291 2437 transtulit,
1308 2374 1344 2424 ut
1358 2358 1438 2423 nihil
1452 2383 1560 2447 supra.

469 2494 557 2571 Quid
572 2494 612 2560 de
626 2496 712 2583 poesi
725 2494 854 2561 dicam?
875 2497 988 2584 inqua
1005 2498 1135 2562 divitem
1159 2512 1306 2563 naturam
1329 2497 1374 2562 ita
1396 2496 1502 2562 studio
1526 2513 1560 2563 et

466 2632 632 2719 praeceptis
645 2632 721 2697 artis
735 2632 895 2720 expolivit,
920 2648 955 2698 ut
978 2645 1103 2720 poetam
1127 2648 1236 2722 ageret
1261 2655 1326 2698 non
1352 2632 1509 2699 infelicem
1526 2650 1560 2699 et

466 2768 560 2833 simul
594 2779 722 2855 poeseos
753 2770 895 2856 judicem
924 2793 1093 2835 summum.
1153 2771 1306 2858 Cogitatis
1334 2769 1449 2857 polluit
1477 2770 1559 2836 adeo

466 2904 557 2970 claris
580 2920 613 2970 et
637 2906 818 2992 perspicuis,
845 2922 882 2972 ut
904 2907 1030 2995 dogma,
1057 2907 1134 2972 dum
1153 2908 1352 2995 proponitur,
1368 2907 1401 2971 in
1417 2922 1559 2973 mentem

466 3042 613 3130 cuiquam
643 3041 782 3107 incidere
810 3044 958 3130 potuisse,
995 3044 1073 3109 dum
1114 3045 1276 3130 probatur,
1315 3065 1379 3107 non
1408 3043 1557 3108 omnibus

466 3177 627 3264 cognitum
649 3177 752 3255 fuisse,
773 3178 912 3257 mireris3
935 3193 1060 3244 tantum
1074 3179 1178 3265 potuit
1192 3178 1327 3243 elocutio
1343 3178 1401 3265 ipsi
1415 3179 1554 3265 propria.

467 3311 539 3376 Hoc
564 3311 693 3399 quidem
717 3312 757 3377 de
781 3313 834 3378 illo
859 3337 933 3379 vere
957 3313 1123 3400 praedicari
1148 3328 1260 3400 potest,
1288 3314 1352 3378 sive
1375 3313 1477 3379 soluta
1500 3338 1555 3379 seu

465 3450 604 3514 numeris
623 3451 749 3515 astricta
771 3452 913 3516 oratione
937 3466 1089 3527 uteretur,
1122 3472 1344 3538 quamcunque
1370 3450 1430 3515 sibi
1455 3466 1555 3516 mate-

464 3585 545 3649 riam
569 3585 765 3650 tractandam
787 3588 932 3674 suscepit,
958 3587 1044 3652 illam
1070 3588 1235 3675 insigniter
1249 3610 1404 3653 exornare
1427 3603 1460 3653 et
1474 3590 1554 3654 miro

464 3721 603 3809 quodam
627 3722 738 3809 spiritu
762 3724 902 3788 animare
929 3723 1104 3788 videbatur.
1150 3722 1239 3797 Quid
1254 3745 1432 3789 recenseam
1447 3724 1554 3789 multi·

463 3856 576 3943 plicem
592 3859 625 3921 in
640 3859 726 3922 omni
741 3881 822 3944 pene
837 3860 968 3924 materia
989 3860 1178 3946 scriptorum
1200 3860 1332 3946 copiam,
1358 3860 1553 3947 paradoxum

463 3994 647 4080 opinionum
663 3994 837 4071 veritatem,
864 4017 1019 4059 summam
1046 3994 1130 4082 apud
1156 3995 1312 4081 principes
1335 4010 1368 4061 et
1391 4011 1553 4083 magnates

462 4129 607 4217 gratiam,
634 4131 717 4194 inter
740 4130 879 4195 eruditos
904 4131 1019 4197 famam
1045 4131 1109 4197 late
1134 4131 1289 4210 diffusam,
1317 4132 1390 4198 licet
1413 4134 1553 4220 partium

461 4266 572 4331 studiis
587 4268 620 4331 in
635 4268 792 4332 contraria
806 4267 959 4346 discissis;
984 4269 1032 4333 his
1056 4269 1253 4347 mirantibus,
1281 4268 1492 4348 laudantibus,
1519 4284 1553 4335 et

611 4483 625 4539 †
638 4479 755 4537 Ciceroni,
769 4478 885 4543 Dionysio
898 4479 1112 4541 Hotomanus,
1126 4480 1282 4544 Hermogeni,
1295 4481 1388 4530 Photio.
