3900 5367
486 592 550 656 xliv
769 607 853 654 vrum
870 605 1054 652 monstrum
1068 603 1279 652 sucranrurs.

533 775 625 841 AEdis
640 775 759 842 Christi
773 775 920 852 decanus,
946 794 1032 838 nunc
1054 771 1227 859 Episcopus
1241 768 1456 847 Oxoniensis,
1474 771 1579 858 (quem

489 913 616 978 honoris
630 935 723 977 causa
736 911 878 993 nomino)
901 930 1001 996 quum
1022 921 1054 972 et
1073 906 1177 994 operis
1197 903 1344 970 vertendi
1364 919 1405 970 et
1431 919 1576 992 typorum

489 1063 632 1135 sumptus
647 1049 816 1114 maximam
830 1062 952 1135 partem
967 1043 1100 1132 propriis
1114 1041 1262 1130 impensis
1275 1053 1489 1117 antenmret,
1510 1061 1575 1106 eam

489 1185 550 1250 sibi
564 1184 721 1249 licentiam
736 1184 884 1266 adseruit,
907 1197 942 1248 ut
962 1204 1035 1269 quoe
1056 1202 1113 1246 suo
1134 1178 1312 1245 adliberent
1324 1177 1452 1256 animo,
1467 1177 1526 1242 ersi
1538 1175 1575 1242 sb

489 1319 630 1385 authoris
644 1333 749 1384 mente
763 1318 874 1395 aliens,
889 1318 1003 1404 passim
1016 1316 1233 1391 intersererem
1254 1311 1358 1378 multa
1367 1327 1494 1392 autem,
1508 1337 1575 1402 qun

491 1457 550 1542 ipsi
563 1477 622 1542 pro
636 1454 749 1520 affectu
764 1479 819 1520 suo
834 1470 866 1521 et
880 1455 1017 1543 partium
1032 1451 1135 1518 studio
1146 1449 1357 1537 displicerent,
1372 1465 1573 1540 expurgaret

493 1591 547 1657 Ob
561 1591 660 1656 isthoc
674 1592 789 1656 factum
806 1589 980 1656 incredibili
991 1589 1099 1654 dolore
1112 1586 1242 1652 affectus
1254 1599 1302 1650 est
1314 1585 1447 1664 author,
1463 1601 1574 1652 etcon·

492 1728 673 1792 taminatam
689 1727 827 1792 historias
842 1726 935 1791 fidem
951 1724 1132 1812 gravissime
1145 1735 1342 1810 conquestus,
1356 1721 1441 1787 nihil
1453 1723 1573 1788 interim

492 1863 622 1929 remedii
637 1863 822 1949 impetravit.

537 1999 610 2064 Pras
624 1998 692 2063 aliis
706 2012 813 2063 autem
828 1995 966 2073 maculis,
983 1996 1098 2083 quibus
1112 2017 1132 2060 a
1145 1994 1286 2060 censoria
1299 2016 1398 2059 manu
1409 1994 1576 2082 deturpata

493 2148 541 2200 est
557 2134 688 2200 celebris
708 2133 761 2198 illa
785 2132 948 2197 doctorum
973 2131 1111 2194 uirorum
1130 2129 1259 2195 historia
1272 2129 1423 2208 literaria,
1446 2132 1577 2218 pessime

496 2269 706 2334 deformatum
731 2282 779 2333 est
798 2268 935 2356 elogium
958 2268 1176 2345 Hobbianum‚
1200 2266 1347 2332 detractis
1369 2289 1447 2354 quae
1468 2269 1514 2333 ab
1526 2291 1578 2334 au·

496 2406 587 2470 thore
604 2406 770 2492 adscripta·
784 2420 858 2471 sunt
872 2405 1027 2483 laudibus,
1050 2427 1221 2493 earumque
1243 2405 1275 2469 in
1296 2404 1401 2469 locum
1416 2405 1579 2493 vituperiis

497 2540 682 2606 substitutis.
728 2541 809 2605 Rem
831 2541 929 2628 ipsam
950 2564 1023 2606 vero
1045 2541 1225 2627 simpliciter
1246 2562 1406 2627 exponere
1419 2543 1578 2620 constitui,

499 2689 566 2739 tum
593 2690 629 2741 ut
651 2675 781 2741 Hobbio
806 2675 930 2740 debitus
953 2690 1074 2741 constet
1092 2675 1201 2754 bonos,
1226 2690 1293 2740 tum
1314 2675 1454 2756 authori,
1476 2677 1581 2767 quoad

497 2813 567 2878 fieri
581 2814 705 2900 poterit,
716 2815 769 2899 jus
784 2836 874 2877 suum
890 2814 922 2877 in
938 2813 1097 2901 integrum
1111 2814 1301 2879 restituatur.

522 3085 574 3152 Ex
592 3085 761 3151 Hrsrorus
776 3106 819 3150 nu
834 3086 1129 3157 Anrrourusmnus
1145 3086 1409 3152 Unrvnnsrrsms
1424 3085 1562 3154 Orous·

616 3217 720 3262 ausis.
766 3196 852 3261 Edit.
867 3196 971 3262 Oxon.
991 3201 1083 3276 1674,
1100 3196 1154 3262 lib.
1170 3203 1200 3275 Q,
1215 3220 1247 3284 p.
1262 3201 1324 3264 376
1339 3213 1371 3262 et
1386 3201 1461 3266 377.

545 3357 685 3423 Thomas
711 3357 868 3437 Hobbius‚
893 3357 988 3445 vulgo
1003 3359 1145 3436 Hobbes,
1160 3359 1345 3447 Westportae
1370 3360 1403 3424 in
1428 3360 1580 3428 Malmes-

501 3494 595 3559 buris
620 3495 736 3581 oppido
764 3496 949 3561 mercatorio
979 3495 1197 3561 Wiltonienses
1225 3497 1318 3575 inter,
1347 3511 1440 3563 natus
1470 3500 1581 3588 quinto

501 3628 623 3716 Aprilis
642 3652 726 3695 anno
744 3636 835 3697 1588.
879 3631 995 3696 Literis
1022 3631 1145 3696 Latims
1169 3647 1202 3697 et
1227 3632 1349 3698 Graecis
1371 3633 1524 3714 initiatus,
1548 3635 1580 3700 in

502 3763 604 3848 banc†
619 3763 724 3828 aulam
737 3764 889 3831 admissus
907 3781 955 3831 est
977 3789 1061 3832 anno
1078 3772 1170 3845 1603,
1185 3768 1242 3833 ubi
1255 3791 1382 3855 operam
1397 3769 1582 3857 impendens

500 3899 616 3965 studiis
640 3899 869 3989 philosophicis,
893 3903 1046 3969 admissus
1068 3904 1129 3970 fuit
1156 3904 1197 3970 ad
1222 3904 1385 3972 lectionem
1414 3908 1581 3994 cujuslibet

498 4035 571 4101 libri
597 4036 712 4125 logices
735 4039 849 4106 sFeb.
867 4045 958 4108 1607.
1004 4041 1080 4107 Post
1105 4064 1200 4129 quem
1224 4043 1358 4130 gradum
1379 4045 1581 4136 quadragesi·

500 4173 634 4238 malibus
649 4173 961 4241 detcmninationibus
974 4176 1174 4264 completum,
1198 4178 1231 4242 in
1252 4178 1428 4246 clientelam
1442 4182 1581 4248 simulet

501 4310 651 4377 familiam
688 4311 730 4377 D.
761 4313 912 4379 Gulielmi
943 4314 1131 4394 Cavendish,
1168 4315 1300 4383 Barorms
1328 4317 1369 4384 de
1398 4319 1581 4397 Hardwick,

870 4529 887 4590 †
903 4528 992 4578 Aulam
1004 4529 1193 4593 Magdslensem.
