3900 5367
666 589 740 653 xviii
1043 608 1119 652 vira
1134 608 1214 652 rao.
1231 607 1371 652 uoaans.

661 777 728 862 jam
754 797 849 840 senex
874 774 990 840 librum
1015 774 1184 862 quendam
1210 796 1305 861 quem
1331 773 1487 860 inscripsit
1522 778 1574 840 De
1599 776 1693 860 Oorp

664 913 876 978 continentem
890 912 1010 1000 logicae,
1025 910 1218 999 geometriae,
1232 910 1367 997 physioae
1383 911 1464 992 (tum
1475 909 1669 987 sublunaris,
1687 926 1693 975 t

664 1051 809 1134 coelestia)
822 1049 1045 1128 fundamenta3
1068 1048 1225 1113 deducens
1247 1047 1380 1135 logicam
1403 1046 1532 1133 quidem
1552 1069 1572 1111 a
1591 1046 1693 1134 signif

665 1189 750 1253 tione
765 1188 945 1264 nominum3
966 1186 1171 1274 geometriam
1185 1200 1301 1262 autern,
1324 1200 1357 1249 et
1378 1184 1549 1271 physicam,
1570 1205 1612 1248 ex
1632 1183 1693 1270 figi

667 1347 748 1401 rum,
762 1338 795 1388 et
808 1322 976 1387 effectuum
991 1320 1181 1385 naturalium
1195 1318 1460 1408 generationibus.

712 1460 858 1523 Hominis
872 1480 958 1543 ergo,
974 1480 1077 1544 neque
1090 1479 1215 1545 genere,
1236 1479 1339 1543 neque
1353 1456 1475 1542 opibus,
1498 1477 1602 1542 neque
1617 1478 1693 1543 neg<

669 1594 742 1659 belli
759 1609 815 1659 aut
835 1594 919 1681 pacis
940 1594 1064 1671 assueti,
1090 1595 1187 1659 vitam
1202 1594 1315 1670 scribo,
1339 1592 1418 1657 etin
1434 1575 1595 1679 publicum
1623 1594 1693 1658 emit

668 1731 723 1796 aed
748 1732 781 1794 in
805 1731 891 1795 omni
915 1751 1032 1817 genere
1056 1731 1195 1795 scientim
1213 1729 1403 1808 excellentis,
1430 1730 1551 1794 atsere
1575 1729 1693 1817 singula

672 1868 772 1953 Cujus
786 1865 948 1954 ingenium
963 1881 999 1930 ut
1013 1880 1236 1952 cognoscerent
1253 1865 1381 1951 (partim
1396 1865 1491 1929 etiarn
1514 1880 1550 1929 ut
1571 1887 1629 1929 sua
1649 1880 1693 1930 ost

669 2004 788 2085 tarent)
805 2016 1020 2067 convenerunt
1038 2024 1112 2065 eum
1127 2002 1184 2063 viri
1210 2001 1379 2080 innumeri,
1407 2016 1474 2065 tum
1497 2015 1661 2077 nostrates,
1687 2016 1693 2064 t

668 2141 789 2217 exteri3
812 2154 845 2204 et
859 2140 941 2203 inter
962 2138 1031 2203 illos
1056 2138 1200 2203 nonnulli
1223 2139 1317 2227 legati
1341 2140 1528 2226 principum,
1553 2137 1671 2226 aliique

671 2276 863 2341 nobilissimi.
923 2273 1023 2351 Adeo,
1055 2289 1090 2338 ut
1118 2275 1297 2360 conjectura
1323 2275 1397 2340 inde
1422 2276 1504 2341 facta
1528 2275 1568 2339 de
1594 2274 1693 2339 volun

671 2414 835 2478 hominurn
849 2411 1053 2488 eruditorum,
1079 2412 1132 2498 qui
1147 2413 1275 2498 posthac
1297 2427 1401 2490 erunt,
1426 2435 1490 2477 non
1514 2412 1693 2499 ingratuml

672 2549 846 2636 posteritati
860 2547 1044 2624 existimavi,
1067 2548 1203 2635 siquem
1224 2549 1336 2613 vidisse
1350 2549 1526 2625 voluerunt,
1554 2547 1637 2611 illius
1659 2546 1693 2610 vi

671 2684 770 2750 literis
784 2684 956 2771 posteritati
971 2682 1145 2760 traderen13
1160 2686 1317 2771 principue
1329 2686 1466 2773 quidem,
1484 2699 1520 2750 ut
1533 2708 1605 2772 quae
1620 2684 1693 2749 scier

674 2822 727 2886 ille
748 2821 867 2908 primus
892 2819 1023 2897 addidit,
1050 2819 1165 2884 deinde
1188 2821 1282 2885 etiam
1305 2838 1419 2887 caetera
1442 2823 1515 2886 vitae
1539 2823 1615 2906 ejuS,
1643 2843 1693 2908 qui

675 2958 842 3024 lectoribus
856 2955 1026 3020 desiderari
1040 2979 1129 3042 posse
1142 2956 1343 3036 videbuntur,
1359 2971 1590 3047 cognoscerent.

721 3097 803 3172 Quae
818 3095 939 3180 scripsit
949 3099 1001 3161 De
1009 3099 1091 3160 Jure
1099 3099 1256 3176 naturali,
1268 3101 1319 3163 De
1331 3099 1559 3163 Constitutione
1570 3081 1693 3162 civitat

677 3237 728 3299 De
741 3238 822 3298 Jure
835 3253 952 3306 corant,
969 3235 1025 3317 qui
1037 3251 1194 3294 mmmam
1208 3231 1325 3295 tatem
1340 3233 1555 3303 Potestatem‚·
1581 3232 1631 3295 De
1641 3230 1693 3317 015

680 3373 814 3444 Uinium,
841 3367 871 3429 in
896 3364 984 3430 libris
1009 3368 1187 3431 Lcsiatitan
1209 3377 1243 3428 et
1255 3368 1308 3430 De
1324 3368 1399 3431 Oine
1415 3364 1505 3452 (quia
1518 3364 1602 3428 dorni
1625 3365 1693 3429 foris

679 3516 763 3579 nota,
779 3517 811 3566 et
822 3501 958 3566 maxime
972 3498 1130 3566 celebrata
1143 3501 1230 3583 sunt)
1248 3500 1469 3587 praetereunda
1482 3522 1602 3565 censeo.

725 3637 921 3724 inphysicis
952 3658 1076 3701 causam
1105 3658 1262 3714 sensuum,
1289 3638 1448 3724 praecipue
1477 3638 1568 3714 visus,
1599 3656 1663 3699 una
1692 3668 1693 3684 .

680 3774 824 3839 doctrina
844 3774 929 3838 omni
945 3773 1056 3859 optica,
1081 3786 1114 3836 et
1135 3787 1249 3836 natura
1264 3771 1351 3849 lucis,
1373 3771 1568 3836 retractionis
1589 3770 1693 3835 reflect

681 3914 771 4000 isque
785 3934 892 3977 causas
906 3910 1073 3987 naturales,
1093 3912 1215 3996 ignotas
1229 3923 1312 3986 ante,
1335 3910 1455 3995 primus
1476 3906 1693 3972 demonstravit

680 4048 763 4115 libro
798 4054 849 4116 De
884 4052 1047 4114 Homine:
1083 4046 1158 4111 item
1194 4068 1302 4111 causas
1338 4043 1524 4132 qualitatum
1561 4041 1693 4108 sensibili

682 4186 832 4250 nimirum
846 4182 997 4260 colorum,
1012 4182 1090 4259 soni,
1106 4181 1225 4259 caloris,
1241 4196 1274 4246 et
1288 4181 1420 4268 frigoris.
1466 4179 1596 4245 Somnia
1609 4193 1693 4243 auter

683 4321 910 4408 phantasmata,
932 4342 1004 4406 quae
1025 4333 1118 4384 antea
1138 4341 1196 4405 pro
1214 4319 1373 4405 spiritibus
1387 4332 1420 4382 et
1433 4332 1629 4381 mortuorum
1654 4337 1693 4380 an

684 4456 892 4533 habebantur,
915 4471 947 4521 et
961 4456 1034 4521 rudi
1048 4456 1142 4544 vulgo
1158 4456 1411 4521 terriculamenta
1424 4468 1525 4533 erant,
1540 4452 1647 4517 omnia
1660 4474 1693 4539 pr

684 4593 779 4675 gavit
836 4591 971 4659 Causam
997 4607 1102 4657 autem
1129 4607 1264 4659 aestuum
1285 4592 1480 4657 marinorum
1505 4605 1538 4655 et
1554 4589 1693 4677 ,descensi

690 4731 833 4815 gravium
847 4753 866 4796 a
880 4746 968 4796 motu
989 4729 1125 4818 quodam
1153 4729 1271 4795 telluris
1292 4730 1455 4817 perspicue
1478 4727 1639 4793 derivavit.
1684 4725 1693 4790 l
