3900 5367
422 586 457 650 lii
702 603 786 647 vrrs
806 601 990 646 normann:
1007 602 1216 648 tucrsnrnrr.

425 779 465 842 de
481 777 559 852 Deo,
583 774 773 851 nominibus,
801 774 962 856 literisque
987 775 1109 852 merito,
1133 770 1237 836 locum
1268 771 1359 838 inter
1389 771 1528 838 literatos

427 909 629 995 relinqueret.

472 1054 493 1085 “
507 1043 727 1109 Stomachatur
738 1042 941 1107 nihilominus
955 1042 1146 1120 Hobbesius,
1160 1067 1236 1110 acre
1248 1044 1459 1113 solummodo
1480 1053 1525 1112 ist-

426 1189 564 1270 9enitnn,
591 1203 654 1245 non
680 1203 753 1245 vero
778 1184 914 1247 sobrium
939 1180 998 1267 ipsi
1023 1182 1064 1245 ab
1089 1179 1211 1244 editore
1234 1182 1445 1248 attributum.
1489 1182 1524 1247 ln

431 1318 503 1383 iacti
524 1317 756 1381 excusationem
779 1339 842 1381 non
866 1318 997 1404 opponit
1018 1316 1122 1381 editor
1143 1315 1280 1396 illorum,
1307 1321 1365 1406 qui
1384 1335 1444 1385 aut
1457 1341 1523 1385 eum

432 1456 499 1542 ipso
524 1454 684 1540 scriptisve
708 1454 775 1539 ejus
797 1452 992 1517 familiariter
1018 1467 1191 1530 versantur,
1222 1455 1438 1532 sententiam
1474 1453 1523 1520 sed

434 1588 588 1654 Hobbesii
604 1589 699 1674 ipsius
713 1587 850 1675 appellat
873 1588 978 1664 iidem,
994 1587 1060 1675 qui,
1077 1587 1109 1651 in
1124 1587 1230 1652 libello
1245 1591 1285 1654 de
1304 1591 1487 1677 Prtnetptn
1497 1602 1524 1658 et

435 1731 687 1792 ltotioointrtione
704 1729 956 1800 Geomtrnrum,
976 1724 1044 1789 hoec
1065 1723 1179 1789 habet:
1204 1727 1247 1791 Ia
1264 1748 1387 1810 moeno
1401 1732 1522 1815 quiden

428 1867 572 1950 periente
591 1868 711 1927 terrori
726 1865 814 1926 video
828 1867 1095 1926 existimationem
1118 1885 1233 1942 meam,
1251 1864 1310 1948 qni
1324 1885 1348 1926 a
1359 1867 1526 1946 oeonretrit

424 2000 502 2084 sere
526 1999 669 2062 oneribus
691 2001 849 2062 dissentio.
896 1999 1018 2061 Eorton
1044 2002 1139 2072 enim,
1164 2002 1220 2084 qni
1241 1999 1283 2061 de
1302 2001 1422 2062 iisdem
1442 1999 1527 2063 reiut

433 2157 552 2200 meeum
567 2136 695 2220 oiiqniti
707 2135 886 2208 ediderunt,
901 2143 959 2197 out
974 2136 1059 2198 totns
1073 2135 1200 2198 insanio
1213 2155 1278 2216 eqo,
1291 2143 1353 2198 out
1366 2137 1457 2200 totus
1469 2155 1527 2200 nor

433 2272 580 2336 emanso.-
605 2271 731 2332 tertinm
747 2290 808 2331 non
825 2279 880 2342 est,
896 2272 959 2333 nini
973 2271 1059 2354 qnod
1079 2272 1160 2333 dicet
1175 2270 1269 2354 sorte
1290 2269 1424 2355 alt'quie,
1446 2275 1528 2336 into·

435 2411 562 2471 etiamne
585 2427 699 2467 omnes.
746 2403 779 2465 Si
804 2404 939 2466 insanire
959 2425 1033 2467 eum
1055 2405 1226 2491 contingat,
1255 2425 1320 2468 non
1339 2405 1384 2470 ab
1408 2405 1528 2471 editore

436 2539 552 2623 injuria
567 2537 648 2602 facta
662 2553 707 2602 est
720 2564 727 2615 ;
751 2540 774 2600 si
790 2539 843 2602 alii
859 2561 967 2602 omnes
980 2539 1096 2603 eruditi
1112 2555 1218 2604 mente
1228 2563 1284 2605 sua
1295 2541 1376 2604 moti
1391 2541 1529 2606 insanire

437 2674 527 2739 illum
556 2691 713 2750 censeant,
745 2699 807 2741 non
837 2691 884 2741 est
913 2676 1001 2764 quod
1030 2676 1218 2741 furiosorum
1249 2676 1409 2742 sententia
1440 2677 1528 2742 illum

437 2826 569 2889 moveat,
594 2835 653 2877 nec
675 2827 825 2899 queratur
848 2814 977 2898 reperiri
998 2813 1159 2877 hominem
1185 2835 1295 2889 unum,
1318 2813 1377 2900 qni
1398 2813 1529 2878 demens

437 2949 554 3035 pariter
583 2972 654 3014 curn
687 2949 791 3024 fuerit,
829 2949 989 3014 eommuni
1018 2949 1160 3013 omnium
1192 2947 1342 3035 suffragio
1370 2948 1528 3015 calculum

436 3084 594 3170 adjecerit.

481 3219 656 3286 “Secundo
667 3221 697 3282 in
708 3218 776 3284 loco
786 3218 1363 3306 malehabetHobbesintn‚quodcum
1373 3221 1531 3288 Hierone

436 3363 571 3442 scriptor
608 3360 814 3422 tilereemmm
848 3361 951 3421 etrum
986 3360 1139 3440 optimum
1169 3360 1391 3441 appellaverit,
1427 3355 1529 3421 editor

439 3489 595 3577 malignus
624 3493 719 3556 serbo
747 3492 804 3556 itta
834 3494 956 3556 deletit-
1002 3490 1212 3577 Agnoscimus
1236 3490 1449 3569 Hobbesium‚
1473 3503 1528 3556 aut

437 3626 547 3690 saitem
562 3626 591 3690 J.
606 3627 646 3689 Α.
661 3627 787 3690 siceum
799 3647 922 3690 vocasse
934 3653 941 3702 ;
965 3626 1019 3690 sed
1031 3627 1159 3714 quando
1173 3627 1302 3715 quidem
1316 3649 1376 3692 nec
1389 3626 1529 3693 historin

438 3763 571 3849 scriptor
585 3785 644 3825 nec
659 3763 762 3826 editor
777 3785 902 3841 novere,
926 3763 1016 3828 albus
1030 3787 1071 3828 an
1086 3779 1155 3830 ater
1169 3765 1264 3829 homo
1274 3764 1370 3829 fuerit
1382 3763 1529 3830 Meroen·

439 3922 508 3976 nus,
524 3912 609 3963 certe
624 3898 742 3983 absque
757 3896 839 3962 illius
860 3898 976 3983 injuria
990 3901 1087 3966 verba
1101 3899 1155 3964 illa
1169 3900 1203 3963 in
1218 3899 1374 3987 impressis
1388 3899 1527 3965 definere.

483 4041 502 4073 “
512 4031 633 4108 Tertio,
644 4032 882 4118 probatlibrum
896 4037 950 4100 De
966 4038 1041 4102 Cive
1054 4040 1146 4103 retus
1160 4040 1390 4123 permiscendo
1397 4036 1528 4100 minime

441 4180 565 4244 notum,
596 4167 670 4254 quia
699 4189 783 4231 anno
812 4172 893 4232 1642
916 4169 1049 4255 prodiit:
1080 4172 1169 4259 quasi
1194 4170 1334 4249 Miloni,
1365 4171 1525 4248 Asehami,

441 4303 618 4378 Goodwini,
645 4303 791 4367 seditiosa
804 4304 920 4391 scripta
936 4306 1031 4370 rebus
1048 4305 1272 4392 permiscendis
1285 4320 1360 4392 apta
1373 4321 1451 4372 nata
1463 4328 1526 4371 non

439 4440 510 4516 sint,
528 4438 602 4526 quia
616 4455 686 4524 post
700 4461 819 4504 annum
834 4440 1021 4524 praedictum
1034 4441 1128 4508 edita.
